<?xml version="1.0" encoding="UTF-8"?>
<!DOCTYPE html PUBLIC "-//W3C//DTD XHTML 1.0 Transitional//EN"
    "http://www.w3.org/TR/xhtml1/DTD/xhtml1-transitional.dtd">
<html xmlns="http://www.w3.org/1999/xhtml" xml:lang="en" lang="en">
 <head>
  <title>
</title>
<meta http-equiv="Content-Type" content="text/html;charset=utf-8" />
  <meta name='ocr-system' content='tesseract 3.04.00' />
  <meta name='ocr-capabilities' content='ocr_page ocr_carea ocr_par ocr_line ocrx_word'/>
</head>
<body>
  <div class='ocr_page' id='page_1' title='image "4626087_0012.png"; bbox 0 0 2206 2901; ppageno 0'>
   <div class='ocr_carea' id='block_1_1' title="bbox 989 98 1193 131">
    <p class='ocr_par' dir='ltr' id='par_1_1' title="bbox 989 98 1193 131">
     <span class='ocr_line' id='line_1_1' title="bbox 989 98 1193 131; baseline 0.005 -10"><span class='ocrx_word' id='word_1_1' title='bbox 989 98 1193 131; x_wconf 70' lang='lat'>-2..</span> 
     </span>
    </p>
   </div>
   <div class='ocr_carea' id='block_1_2' title="bbox 267 188 2072 387">
    <p class='ocr_par' dir='ltr' id='par_1_2' title="bbox 289 188 2072 282">
     <span class='ocr_line' id='line_1_2' title="bbox 289 188 2072 232; baseline 0 -11"><span class='ocrx_word' id='word_1_2' title='bbox 289 190 333 222; x_wconf 91' lang='grc' dir='ltr'><strong>ΙΙ.</strong></span> <span class='ocrx_word' id='word_1_3' title='bbox 358 199 416 221; x_wconf 87' lang='grc'><strong>883</strong></span> <span class='ocrx_word' id='word_1_4' title='bbox 444 189 590 230; x_wconf 85' lang='lat' dir='ltr'><strong>chartas,</strong></span> <span class='ocrx_word' id='word_1_5' title='bbox 621 189 656 221; x_wconf 96' lang='lat' dir='ltr'><strong>in</strong></span> <span class='ocrx_word' id='word_1_6' title='bbox 688 189 808 229; x_wconf 91' lang='lat' dir='ltr'><strong>quibus</strong></span> <span class='ocrx_word' id='word_1_7' title='bbox 832 189 1034 230; x_wconf 82' lang='lat' dir='ltr'><strong>subscriptio</strong></span> <span class='ocrx_word' id='word_1_8' title='bbox 1058 188 1199 221; x_wconf 92' lang='lat' dir='ltr'><strong>nominis</strong></span> <span class='ocrx_word' id='word_1_9' title='bbox 1226 198 1292 221; x_wconf 91' lang='lat' dir='ltr'><strong>non</strong></span> <span class='ocrx_word' id='word_1_10' title='bbox 1315 189 1358 221; x_wconf 87' lang='lat' dir='ltr'><strong>ab</strong></span> <span class='ocrx_word' id='word_1_11' title='bbox 1382 190 1498 222; x_wconf 85' lang='lat' dir='ltr'><strong>eadem</strong></span> <span class='ocrx_word' id='word_1_12' title='bbox 1521 200 1621 223; x_wconf 91' lang='lat' dir='ltr'><strong>manu</strong></span> <span class='ocrx_word' id='word_1_13' title='bbox 1644 190 1738 223; x_wconf 81' lang='lat' dir='ltr'><strong>facta</strong></span> <span class='ocrx_word' id='word_1_14' title='bbox 1761 192 1821 232; x_wconf 89' lang='lat' dir='ltr'><strong>est,</strong></span> <span class='ocrx_word' id='word_1_15' title='bbox 1845 199 1931 231; x_wconf 89' lang='lat' dir='ltr'><strong>quae</strong></span> <span class='ocrx_word' id='word_1_16' title='bbox 1954 197 2072 230; x_wconf 87' lang='lat' dir='ltr'><strong>corpus</strong></span> 
     </span>
     <span class='ocr_line' id='line_1_3' title="bbox 348 238 678 282; baseline 0.003 -10"><span class='ocrx_word' id='word_1_17' title='bbox 348 238 456 273; x_wconf 85' lang='lat' dir='ltr'>libelli</span> <span class='ocrx_word' id='word_1_18' title='bbox 480 238 678 282; x_wconf 78' lang='lat' dir='ltr'><strong>composuit3</strong></span> 
     </span>
    </p>

    <p class='ocr_par' dir='ltr' id='par_1_3' title="bbox 267 293 2070 387">
     <span class='ocr_line' id='line_1_4' title="bbox 267 293 2070 337; baseline -0.001 -10"><span class='ocrx_word' id='word_1_19' title='bbox 267 294 331 327; x_wconf 90' lang='grc' dir='ltr'><strong>ΙΙΙ.</strong></span> <span class='ocrx_word' id='word_1_20' title='bbox 356 304 423 336; x_wconf 87' lang='grc'>883,</span> <span class='ocrx_word' id='word_1_21' title='bbox 454 294 488 327; x_wconf 86' lang='grc'><strong>111</strong></span> <span class='ocrx_word' id='word_1_22' title='bbox 521 294 641 335; x_wconf 90' lang='lat' dir='ltr'><strong>quibus</strong></span> <span class='ocrx_word' id='word_1_23' title='bbox 664 304 782 328; x_wconf 90' lang='lat' dir='ltr'><strong>manus</strong></span> <span class='ocrx_word' id='word_1_24' title='bbox 806 295 960 328; x_wconf 85' lang='lat' dir='ltr'><strong>diversae</strong></span> <span class='ocrx_word' id='word_1_25' title='bbox 984 294 1116 335; x_wconf 89' lang='lat' dir='ltr'><strong>quidem</strong></span> <span class='ocrx_word' id='word_1_26' title='bbox 1140 294 1303 336; x_wconf 81' lang='lat' dir='ltr'><strong>distingui</strong></span> <span class='ocrx_word' id='word_1_27' title='bbox 1326 304 1392 327; x_wconf 91' lang='lat' dir='ltr'><strong>non</strong></span> <span class='ocrx_word' id='word_1_28' title='bbox 1415 298 1564 337; x_wconf 80' lang='lat' dir='ltr'><strong>possunt,</strong></span> <span class='ocrx_word' id='word_1_29' title='bbox 1596 298 1746 329; x_wconf 82' lang='lat' dir='ltr'><strong>attamen</strong></span> <span class='ocrx_word' id='word_1_30' title='bbox 1769 295 1915 329; x_wconf 88' lang='lat' dir='ltr'><strong>eiusdem</strong></span> <span class='ocrx_word' id='word_1_31' title='bbox 1939 293 2070 336; x_wconf 89' lang='lat' dir='ltr'><strong>generis</strong></span> 
     </span>
     <span class='ocr_line' id='line_1_5' title="bbox 351 343 1339 387; baseline 0.001 -10"><span class='ocrx_word' id='word_1_32' title='bbox 351 343 510 386; x_wconf 86' lang='lat' dir='ltr'><strong>exemplis</strong></span> <span class='ocrx_word' id='word_1_33' title='bbox 535 344 737 386; x_wconf 88' lang='lat' dir='ltr'><strong>comparatis</strong></span> <span class='ocrx_word' id='word_1_34' title='bbox 762 344 873 378; x_wconf 86' lang='lat' dir='ltr'><strong>scriba</strong></span> <span class='ocrx_word' id='word_1_35' title='bbox 897 344 1051 387; x_wconf 86' lang='lat' dir='ltr'><strong>cognosci</strong></span> <span class='ocrx_word' id='word_1_36' title='bbox 1074 353 1172 386; x_wconf 90' lang='lat' dir='ltr'><strong>posse</strong></span> <span class='ocrx_word' id='word_1_37' title='bbox 1195 344 1339 378; x_wconf 90' lang='lat' dir='ltr'><strong>videtur.</strong></span> 
     </span>
    </p>
   </div>
   <div class='ocr_carea' id='block_1_3' title="bbox 96 403 2070 2310">
    <p class='ocr_par' dir='ltr' id='par_1_4' title="bbox 103 403 2070 697">
     <span class='ocr_line' id='line_1_6' title="bbox 266 403 2070 448; baseline 0 -12"><span class='ocrx_word' id='word_1_38' title='bbox 266 403 392 437; x_wconf 82' lang='lat' dir='ltr'><strong>Addidi</strong></span> <span class='ocrx_word' id='word_1_39' title='bbox 416 403 558 445; x_wconf 90' lang='lat' dir='ltr'><strong>denique</strong></span> <span class='ocrx_word' id='word_1_40' title='bbox 581 404 735 440; x_wconf 83' lang='lat' dir='ltr'><strong>tertium</strong></span> <span class='ocrx_word' id='word_1_41' title='bbox 760 404 910 446; x_wconf 89' lang='lat' dir='ltr'><strong>indicem,</strong></span> <span class='ocrx_word' id='word_1_42' title='bbox 935 404 992 445; x_wconf 91' lang='lat' dir='ltr'><strong>qui</strong></span> <span class='ocrx_word' id='word_1_43' title='bbox 1014 404 1163 437; x_wconf 91' lang='lat' dir='ltr'><strong>continet</strong></span> <span class='ocrx_word' id='word_1_44' title='bbox 1186 413 1243 437; x_wconf 86' lang='lat' dir='ltr'><strong>eas</strong></span> <span class='ocrx_word' id='word_1_45' title='bbox 1260 404 1405 445; x_wconf 86' lang='lat' dir='ltr'><strong>chartas,</strong></span> <span class='ocrx_word' id='word_1_46' title='bbox 1429 404 1463 437; x_wconf 91' lang='lat' dir='ltr'><strong>in</strong></span> <span class='ocrx_word' id='word_1_47' title='bbox 1488 405 1609 445; x_wconf 87' lang='lat' dir='ltr'><strong>quibus</strong></span> <span class='ocrx_word' id='word_1_48' title='bbox 1625 406 1747 447; x_wconf 88' lang='lat' dir='ltr'><strong>aliquis</strong></span> <span class='ocrx_word' id='word_1_49' title='bbox 1770 415 1891 448; x_wconf 86' lang='lat' dir='ltr'>aegre</span> <span class='ocrx_word' id='word_1_50' title='bbox 1914 407 2070 438; x_wconf 88' lang='lat' dir='ltr'><strong>tantum</strong></span> 
     </span>
     <span class='ocr_line' id='line_1_7' title="bbox 104 453 2070 497; baseline 0 -11"><span class='ocrx_word' id='word_1_51' title='bbox 104 453 284 487; x_wconf 89' lang='lat' dir='ltr'><strong>scribens</strong></span> <span class='ocrx_word' id='word_1_52' title='bbox 302 456 576 487; x_wconf 81' lang='lat' dir='ltr'><strong>commemoratur</strong></span> <span class='ocrx_word' id='word_1_53' title='bbox 592 456 652 488; x_wconf 88' lang='lat' dir='ltr'><strong>aut</strong></span> <span class='ocrx_word' id='word_1_54' title='bbox 669 454 800 497; x_wconf 88' lang='lat' dir='ltr'><strong>aliquis,</strong></span> <span class='ocrx_word' id='word_1_55' title='bbox 824 455 881 495; x_wconf 92' lang='lat' dir='ltr'><strong>qui</strong></span> <span class='ocrx_word' id='word_1_56' title='bbox 897 464 957 496; x_wconf 92' lang='lat' dir='ltr'><strong>pro</strong></span> <span class='ocrx_word' id='word_1_57' title='bbox 975 464 1076 496; x_wconf 82' lang='lat' dir='ltr'>aegre</span> <span class='ocrx_word' id='word_1_58' title='bbox 1099 453 1267 487; x_wconf 85' lang='lat' dir='ltr'><strong>scribente</strong></span> <span class='ocrx_word' id='word_1_59' title='bbox 1290 453 1440 487; x_wconf 92' lang='lat' dir='ltr'><strong>libellum</strong></span> <span class='ocrx_word' id='word_1_60' title='bbox 1455 454 1511 488; x_wconf 91' lang='lat' dir='ltr'><strong>vel</strong></span> <span class='ocrx_word' id='word_1_61' title='bbox 1527 457 1657 496; x_wconf 87' lang='lat' dir='ltr'><strong>partem</strong></span> <span class='ocrx_word' id='word_1_62' title='bbox 1673 456 1779 489; x_wconf 91' lang='lat' dir='ltr'><strong>libelli</strong></span> <span class='ocrx_word' id='word_1_63' title='bbox 1795 455 1939 497; x_wconf 85' lang='lat' dir='ltr'><strong>scripsit.</strong></span> <span class='ocrx_word' id='word_1_64' title='bbox 1970 463 2070 496; x_wconf 85' lang='lat' dir='ltr'>aegre</span> 
     </span>
     <span class='ocr_line' id='line_1_8' title="bbox 104 503 2070 548; baseline 0 -11"><span class='ocrx_word' id='word_1_65' title='bbox 104 503 289 537; x_wconf 86' lang='lat' dir='ltr'><strong>scribentes</strong></span> <span class='ocrx_word' id='word_1_66' title='bbox 313 504 338 537; x_wconf 93' lang='lat' dir='ltr'><strong>ii</strong></span> <span class='ocrx_word' id='word_1_67' title='bbox 362 504 629 547; x_wconf 83' lang='lat' dir='ltr'><strong>appellabantur,</strong></span> <span class='ocrx_word' id='word_1_68' title='bbox 653 505 711 546; x_wconf 98' lang='grc'>(1111</span> <span class='ocrx_word' id='word_1_69' title='bbox 734 515 852 538; x_wconf 89' lang='lat' dir='ltr'><strong>nomen</strong></span> <span class='ocrx_word' id='word_1_70' title='bbox 869 505 923 539; x_wconf 91' lang='lat' dir='ltr'><strong>vel</strong></span> <span class='ocrx_word' id='word_1_71' title='bbox 939 514 1048 547; x_wconf 91' lang='lat' dir='ltr'><strong>pauca</strong></span> <span class='ocrx_word' id='word_1_72' title='bbox 1063 504 1169 538; x_wconf 90' lang='lat' dir='ltr'><strong>verba</strong></span> <span class='ocrx_word' id='word_1_73' title='bbox 1183 504 1322 537; x_wconf 90' lang='lat' dir='ltr'><strong>rudibus</strong></span> <span class='ocrx_word' id='word_1_74' title='bbox 1337 503 1472 546; x_wconf 90' lang='lat' dir='ltr'><strong>litteris,</strong></span> <span class='ocrx_word' id='word_1_75' title='bbox 1496 504 1684 539; x_wconf 83' lang='lat' dir='ltr'><strong>uncialibus</strong></span> <span class='ocrx_word' id='word_1_76' title='bbox 1699 505 1901 548; x_wconf 90' lang='lat' dir='ltr'><strong>plerumque,</strong></span> <span class='ocrx_word' id='word_1_77' title='bbox 1925 504 2070 538; x_wconf 90' lang='lat' dir='ltr'><strong>scribere</strong></span> 
     </span>
     <span class='ocr_line' id='line_1_9' title="bbox 103 554 2069 599; baseline 0 -12"><span class='ocrx_word' id='word_1_78' title='bbox 103 556 270 596; x_wconf 89' lang='lat' dir='ltr'><strong>poterant.</strong></span> <span class='ocrx_word' id='word_1_79' title='bbox 317 555 376 588; x_wconf 90' lang='lat' dir='ltr'><strong>sed</strong></span> <span class='ocrx_word' id='word_1_80' title='bbox 407 554 442 587; x_wconf 95' lang='lat' dir='ltr'><strong>in</strong></span> <span class='ocrx_word' id='word_1_81' title='bbox 473 555 618 588; x_wconf 88' lang='lat' dir='ltr'><strong>secundo</strong></span> <span class='ocrx_word' id='word_1_82' title='bbox 650 565 782 597; x_wconf 90' lang='lat' dir='ltr'><strong>quoque</strong></span> <span class='ocrx_word' id='word_1_83' title='bbox 812 555 922 589; x_wconf 88' lang='lat' dir='ltr'><strong>indice</strong></span> <span class='ocrx_word' id='word_1_84' title='bbox 953 555 1068 588; x_wconf 92' lang='lat' dir='ltr'><strong>insunt</strong></span> <span class='ocrx_word' id='word_1_85' title='bbox 1090 554 1249 596; x_wconf 89' lang='lat' dir='ltr'><strong>nonnulli,</strong></span> <span class='ocrx_word' id='word_1_86' title='bbox 1274 554 1330 595; x_wconf 93' lang='lat' dir='ltr'><strong>qui</strong></span> <span class='ocrx_word' id='word_1_87' title='bbox 1353 554 1438 587; x_wconf 88' lang='lat' dir='ltr'><strong>nihil</strong></span> <span class='ocrx_word' id='word_1_88' title='bbox 1461 554 1527 588; x_wconf 91' lang='lat' dir='ltr'><strong>nisi</strong></span> <span class='ocrx_word' id='word_1_89' title='bbox 1550 564 1669 589; x_wconf 89' lang='lat' dir='ltr'><strong>nomen</strong></span> <span class='ocrx_word' id='word_1_90' title='bbox 1692 556 1822 599; x_wconf 87' lang='lat' dir='ltr'><strong>magnis</strong></span> <span class='ocrx_word' id='word_1_91' title='bbox 1845 555 1970 589; x_wconf 88' lang='lat' dir='ltr'><strong>litteris</strong></span> <span class='ocrx_word' id='word_1_92' title='bbox 1993 555 2069 588; x_wconf 91' lang='lat' dir='ltr'><strong>sub-</strong></span> 
     </span>
     <span class='ocr_line' id='line_1_10' title="bbox 103 604 2070 648; baseline 0 -11"><span class='ocrx_word' id='word_1_93' title='bbox 103 604 264 646; x_wconf 87' lang='lat' dir='ltr'><strong>scribunt,</strong></span> <span class='ocrx_word' id='word_1_94' title='bbox 297 607 398 645; x_wconf 88' lang='lat' dir='ltr'><strong>atque</strong></span> <span class='ocrx_word' id='word_1_95' title='bbox 429 604 465 637; x_wconf 93' lang='lat' dir='ltr'><strong>in</strong></span> <span class='ocrx_word' id='word_1_96' title='bbox 496 605 600 638; x_wconf 90' lang='lat' dir='ltr'><strong>tertio</strong></span> <span class='ocrx_word' id='word_1_97' title='bbox 624 605 744 648; x_wconf 90' lang='lat' dir='ltr'><strong>indice,</strong></span> <span class='ocrx_word' id='word_1_98' title='bbox 777 606 833 647; x_wconf 90' lang='lat' dir='ltr'><strong>qui</strong></span> <span class='ocrx_word' id='word_1_99' title='bbox 857 606 988 639; x_wconf 91' lang='lat' dir='ltr'><strong>omnino</strong></span> <span class='ocrx_word' id='word_1_100' title='bbox 1011 605 1096 638; x_wconf 91' lang='grc'>1111111</span> <span class='ocrx_word' id='word_1_101' title='bbox 1120 605 1342 638; x_wconf 88' lang='lat' dir='ltr'><strong>subscribunt.</strong></span> <span class='ocrx_word' id='word_1_102' title='bbox 1389 604 1447 645; x_wconf 84' lang='lat' dir='ltr'><strong>qui</strong></span> <span class='ocrx_word' id='word_1_103' title='bbox 1470 604 1621 638; x_wconf 87' lang='lat' dir='ltr'><strong>indicare</strong></span> <span class='ocrx_word' id='word_1_104' title='bbox 1644 606 1804 639; x_wconf 90' lang='lat' dir='ltr'><strong>volebant</strong></span> <span class='ocrx_word' id='word_1_105' title='bbox 1827 616 1863 639; x_wconf 95' lang='lat' dir='ltr'><strong>se</strong></span> <span class='ocrx_word' id='word_1_106' title='bbox 1885 615 1945 647; x_wconf 91' lang='lat' dir='ltr'><strong>pro</strong></span> <span class='ocrx_word' id='word_1_107' title='bbox 1969 614 2070 646; x_wconf 85' lang='lat' dir='ltr'><strong>aegre</strong></span> 
     </span>
     <span class='ocr_line' id='line_1_11' title="bbox 107 653 1527 697; baseline 0.001 -11"><span class='ocrx_word' id='word_1_108' title='bbox 107 654 275 687; x_wconf 89' lang='lat' dir='ltr'><strong>scribente</strong></span> <span class='ocrx_word' id='word_1_109' title='bbox 299 654 454 696; x_wconf 89' lang='lat' dir='ltr'><strong>scribere,</strong></span> <span class='ocrx_word' id='word_1_110' title='bbox 477 654 521 687; x_wconf 90' lang='lat' dir='ltr'><strong>iis</strong></span> <span class='ocrx_word' id='word_1_111' title='bbox 544 655 729 688; x_wconf 88' lang='lat' dir='ltr'><strong>utebantur</strong></span> <span class='ocrx_word' id='word_1_112' title='bbox 752 655 912 697; x_wconf 84' lang='lat' dir='ltr'><strong>formulis,</strong></span> <span class='ocrx_word' id='word_1_113' title='bbox 936 664 1019 696; x_wconf 87' lang='lat' dir='ltr'><strong>quas</strong></span> <span class='ocrx_word' id='word_1_114' title='bbox 1043 654 1198 697; x_wconf 85' lang='lat' dir='ltr'><strong>colligam</strong></span> <span class='ocrx_word' id='word_1_115' title='bbox 1221 654 1256 687; x_wconf 93' lang='lat' dir='ltr'><strong>in</strong></span> <span class='ocrx_word' id='word_1_116' title='bbox 1279 654 1344 687; x_wconf 91' lang='lat' dir='ltr'><strong>fine</strong></span> <span class='ocrx_word' id='word_1_117' title='bbox 1368 653 1527 695; x_wconf 90' lang='lat' dir='ltr'><strong>opusculi.</strong></span> 
     </span>
    </p>

    <p class='ocr_par' dir='ltr' id='par_1_5' title="bbox 102 708 2070 901">
     <span class='ocr_line' id='line_1_12' title="bbox 267 708 2070 751; baseline 0 -10"><span class='ocrx_word' id='word_1_118' title='bbox 267 708 319 741; x_wconf 91' lang='lat' dir='ltr'><strong>De</strong></span> <span class='ocrx_word' id='word_1_119' title='bbox 342 708 544 742; x_wconf 86' lang='lat' dir='ltr'><strong>testimoniis</strong></span> <span class='ocrx_word' id='word_1_120' title='bbox 568 709 668 751; x_wconf 89' lang='lat' dir='ltr'><strong>primi</strong></span> <span class='ocrx_word' id='word_1_121' title='bbox 691 710 852 751; x_wconf 90' lang='lat' dir='ltr'><strong>tertiique</strong></span> <span class='ocrx_word' id='word_1_122' title='bbox 876 709 996 742; x_wconf 91' lang='lat' dir='ltr'><strong>indicis</strong></span> <span class='ocrx_word' id='word_1_123' title='bbox 1020 712 1055 742; x_wconf 89' lang='lat' dir='ltr'><strong>et</strong></span> <span class='ocrx_word' id='word_1_124' title='bbox 1079 710 1120 742; x_wconf 91' lang='lat' dir='ltr'><strong>de</strong></span> <span class='ocrx_word' id='word_1_125' title='bbox 1142 708 1343 742; x_wconf 90' lang='lat' dir='ltr'><strong>testimoniis</strong></span> <span class='ocrx_word' id='word_1_126' title='bbox 1358 708 1486 750; x_wconf 85' lang='lat' dir='ltr'><strong>primae</strong></span> <span class='ocrx_word' id='word_1_127' title='bbox 1502 708 1620 742; x_wconf 82' lang='lat' dir='ltr'><strong>classis</strong></span> <span class='ocrx_word' id='word_1_128' title='bbox 1635 710 1772 743; x_wconf 91' lang='lat' dir='ltr'><strong>secundi</strong></span> <span class='ocrx_word' id='word_1_129' title='bbox 1788 709 1907 743; x_wconf 92' lang='lat' dir='ltr'><strong>indicis</strong></span> <span class='ocrx_word' id='word_1_130' title='bbox 1923 708 2070 743; x_wconf 85' lang='lat' dir='ltr'><strong>dubitari</strong></span> 
     </span>
     <span class='ocr_line' id='line_1_13' title="bbox 102 758 2069 799; baseline 0 -9"><span class='ocrx_word' id='word_1_131' title='bbox 102 758 163 791; x_wconf 86' lang='lat' dir='ltr'><strong>vix</strong></span> <span class='ocrx_word' id='word_1_132' title='bbox 187 760 315 799; x_wconf 81' lang='lat' dir='ltr'><strong>potest3</strong></span> <span class='ocrx_word' id='word_1_133' title='bbox 339 759 399 791; x_wconf 89' lang='lat' dir='ltr'><strong>sed</strong></span> <span class='ocrx_word' id='word_1_134' title='bbox 423 759 560 791; x_wconf 87' lang='lat' dir='ltr'><strong>chartas</strong></span> <span class='ocrx_word' id='word_1_135' title='bbox 584 760 722 792; x_wconf 89' lang='lat' dir='ltr'><strong>secundi</strong></span> <span class='ocrx_word' id='word_1_136' title='bbox 747 759 866 792; x_wconf 90' lang='lat' dir='ltr'><strong>indicis</strong></span> <span class='ocrx_word' id='word_1_137' title='bbox 890 760 1055 792; x_wconf 87' lang='lat' dir='ltr'><strong>secundae</strong></span> <span class='ocrx_word' id='word_1_138' title='bbox 1080 759 1269 799; x_wconf 87' lang='lat' dir='ltr'><strong>tertiaeque</strong></span> <span class='ocrx_word' id='word_1_139' title='bbox 1293 758 1410 791; x_wconf 86' lang='lat' dir='ltr'><strong>classis</strong></span> <span class='ocrx_word' id='word_1_140' title='bbox 1433 758 1601 791; x_wconf 89' lang='lat' dir='ltr'><strong>interdum</strong></span> <span class='ocrx_word' id='word_1_141' title='bbox 1625 758 1868 792; x_wconf 87' lang='lat' dir='ltr'><strong>dubitationem</strong></span> <span class='ocrx_word' id='word_1_142' title='bbox 1892 758 2069 792; x_wconf 91' lang='lat' dir='ltr'><strong>admittere</strong></span> 
     </span>
     <span class='ocr_line' id='line_1_14' title="bbox 103 807 2069 852; baseline 0 -11"><span class='ocrx_word' id='word_1_143' title='bbox 103 808 255 842; x_wconf 89' lang='lat' dir='ltr'><strong>concedo.</strong></span> <span class='ocrx_word' id='word_1_144' title='bbox 302 818 379 841; x_wconf 91' lang='lat' dir='ltr'><strong>nam</strong></span> <span class='ocrx_word' id='word_1_145' title='bbox 411 808 446 842; x_wconf 95' lang='lat' dir='ltr'><strong>in</strong></span> <span class='ocrx_word' id='word_1_146' title='bbox 478 809 588 843; x_wconf 89' lang='lat' dir='ltr'><strong>altera</strong></span> <span class='ocrx_word' id='word_1_147' title='bbox 620 809 720 843; x_wconf 84' lang='lat' dir='ltr'><strong>classi</strong></span> <span class='ocrx_word' id='word_1_148' title='bbox 751 811 843 842; x_wconf 92' lang='lat' dir='ltr'><strong>totus</strong></span> <span class='ocrx_word' id='word_1_149' title='bbox 876 819 916 842; x_wconf 82' lang='lat' dir='ltr'><strong>ex</strong></span> <span class='ocrx_word' id='word_1_150' title='bbox 948 809 1162 842; x_wconf 83' lang='lat' dir='ltr'><strong>accuratione</strong></span> <span class='ocrx_word' id='word_1_151' title='bbox 1195 810 1230 842; x_wconf 91' lang='lat' dir='ltr'><strong>et</strong></span> <span class='ocrx_word' id='word_1_152' title='bbox 1260 808 1452 842; x_wconf 84' lang='lat' dir='ltr'><strong>subtilitate</strong></span> <span class='ocrx_word' id='word_1_153' title='bbox 1475 807 1615 842; x_wconf 86' lang='lat' dir='ltr'><strong>editoris</strong></span> <span class='ocrx_word' id='word_1_154' title='bbox 1638 809 1775 852; x_wconf 88' lang='lat' dir='ltr'><strong>pendeo,</strong></span> <span class='ocrx_word' id='word_1_155' title='bbox 1806 809 1930 843; x_wconf 86' lang='lat' dir='ltr'><strong>tertiae</strong></span> <span class='ocrx_word' id='word_1_156' title='bbox 1953 807 2069 842; x_wconf 88' lang='lat' dir='ltr'><strong>classis</strong></span> 
     </span>
     <span class='ocr_line' id='line_1_15' title="bbox 103 859 1073 901; baseline 0 -9"><span class='ocrx_word' id='word_1_157' title='bbox 103 868 250 901; x_wconf 86' lang='lat' dir='ltr'><strong>papyros</strong></span> <span class='ocrx_word' id='word_1_158' title='bbox 274 861 471 901; x_wconf 65' lang='lat' dir='ltr'><strong>argumento</strong></span> <span class='ocrx_word' id='word_1_159' title='bbox 496 869 514 892; x_wconf 89' lang='lat' dir='ltr'><strong>e</strong></span> <span class='ocrx_word' id='word_1_160' title='bbox 538 859 673 893; x_wconf 89' lang='lat' dir='ltr'><strong>silentio</strong></span> <span class='ocrx_word' id='word_1_161' title='bbox 699 862 797 901; x_wconf 88' lang='lat' dir='ltr'><strong>capto</strong></span> <span class='ocrx_word' id='word_1_162' title='bbox 821 860 929 892; x_wconf 82' lang='lat' dir='ltr'><strong>fretus</strong></span> <span class='ocrx_word' id='word_1_163' title='bbox 953 859 1073 901; x_wconf 89' lang='lat' dir='ltr'><strong>recepi.</strong></span> 
     </span>
    </p>

    <p class='ocr_par' dir='ltr' id='par_1_6' title="bbox 96 913 2069 2310">
     <span class='ocr_line' id='line_1_16' title="bbox 265 913 2068 957; baseline 0 -9"><span class='ocrx_word' id='word_1_164' title='bbox 265 914 380 955; x_wconf 88' lang='lat' dir='ltr'><strong>Atque</strong></span> <span class='ocrx_word' id='word_1_165' title='bbox 403 915 445 948; x_wconf 87' lang='lat' dir='ltr'><strong>de</strong></span> <span class='ocrx_word' id='word_1_166' title='bbox 467 914 608 948; x_wconf 86' lang='lat' dir='ltr'><strong>alterius</strong></span> <span class='ocrx_word' id='word_1_167' title='bbox 624 914 742 948; x_wconf 85' lang='lat' dir='ltr'><strong>classis</strong></span> <span class='ocrx_word' id='word_1_168' title='bbox 758 914 958 948; x_wconf 87' lang='lat' dir='ltr'><strong>testimoniis</strong></span> <span class='ocrx_word' id='word_1_169' title='bbox 975 915 1162 948; x_wconf 87' lang='lat' dir='ltr'><strong>addendum</strong></span> <span class='ocrx_word' id='word_1_170' title='bbox 1177 914 1313 948; x_wconf 89' lang='lat' dir='ltr'><strong>videtur</strong></span> <span class='ocrx_word' id='word_1_171' title='bbox 1329 913 1561 947; x_wconf 86' lang='lat' dir='ltr'><strong>difficillimum</strong></span> <span class='ocrx_word' id='word_1_172' title='bbox 1577 923 1678 957; x_wconf 87' lang='lat' dir='ltr'><strong>saepe</strong></span> <span class='ocrx_word' id='word_1_173' title='bbox 1694 924 1766 948; x_wconf 90' lang='lat' dir='ltr'><strong>esse</strong></span> <span class='ocrx_word' id='word_1_174' title='bbox 1782 914 1976 957; x_wconf 78' lang='lat' dir='ltr'><strong>diiudicata,</strong></span> <span class='ocrx_word' id='word_1_175' title='bbox 1991 923 2068 947; x_wconf 91' lang='lat' dir='ltr'><strong>num</strong></span> 
     </span>
     <span class='ocr_line' id='line_1_17' title="bbox 102 964 2069 1007; baseline -0.001 -9"><span class='ocrx_word' id='word_1_176' title='bbox 102 964 303 1006; x_wconf 88' lang='lat' dir='ltr'><strong>subscriptio</strong></span> <span class='ocrx_word' id='word_1_177' title='bbox 328 965 468 999; x_wconf 88' lang='lat' dir='ltr'><strong>chartae</strong></span> <span class='ocrx_word' id='word_1_178' title='bbox 492 966 534 998; x_wconf 91' lang='lat' dir='ltr'><strong>ab</strong></span> <span class='ocrx_word' id='word_1_179' title='bbox 560 966 675 999; x_wconf 88' lang='lat' dir='ltr'><strong>eadem</strong></span> <span class='ocrx_word' id='word_1_180' title='bbox 699 976 798 999; x_wconf 91' lang='lat' dir='ltr'><strong>manu</strong></span> <span class='ocrx_word' id='word_1_181' title='bbox 822 968 897 999; x_wconf 90' lang='lat' dir='ltr'><strong>orta</strong></span> <span class='ocrx_word' id='word_1_182' title='bbox 921 966 975 1007; x_wconf 88' lang='lat' dir='ltr'><strong>sit,</strong></span> <span class='ocrx_word' id='word_1_183' title='bbox 1000 975 1086 1006; x_wconf 88' lang='lat' dir='ltr'><strong>quae</strong></span> <span class='ocrx_word' id='word_1_184' title='bbox 1110 975 1229 1006; x_wconf 90' lang='lat' dir='ltr'><strong>corpus</strong></span> <span class='ocrx_word' id='word_1_185' title='bbox 1254 965 1451 1006; x_wconf 77' lang='lat' dir='ltr'><strong>composuit3</strong></span> <span class='ocrx_word' id='word_1_186' title='bbox 1475 964 1609 1005; x_wconf 88' lang='lat' dir='ltr'><strong>saepius</strong></span> <span class='ocrx_word' id='word_1_187' title='bbox 1632 965 1739 1007; x_wconf 89' lang='lat' dir='ltr'><strong>igitur</strong></span> <span class='ocrx_word' id='word_1_188' title='bbox 1761 965 1827 998; x_wconf 87' lang='lat' dir='ltr'><strong>viri</strong></span> <span class='ocrx_word' id='word_1_189' title='bbox 1844 965 1934 998; x_wconf 89' lang='lat' dir='ltr'><strong>docti</strong></span> <span class='ocrx_word' id='word_1_190' title='bbox 1950 966 1990 997; x_wconf 91' lang='grc'><strong>(18</strong></span> <span class='ocrx_word' id='word_1_191' title='bbox 2005 965 2069 997; x_wconf 87' lang='grc'>1180</span> 
     </span>
     <span class='ocr_line' id='line_1_18' title="bbox 100 1013 2068 1058; baseline 0.001 -11"><span class='ocrx_word' id='word_1_192' title='bbox 100 1024 138 1047; x_wconf 85' lang='grc'><strong>18</strong></span> <span class='ocrx_word' id='word_1_193' title='bbox 168 1014 257 1047; x_wconf 91' lang='lat' dir='ltr'><strong>inter</strong></span> <span class='ocrx_word' id='word_1_194' title='bbox 290 1024 327 1047; x_wconf 93' lang='lat' dir='ltr'><strong>se</strong></span> <span class='ocrx_word' id='word_1_195' title='bbox 358 1014 571 1048; x_wconf 88' lang='lat' dir='ltr'><strong>dissentiunt.</strong></span> <span class='ocrx_word' id='word_1_196' title='bbox 619 1015 757 1048; x_wconf 81' lang='lat' dir='ltr'><strong>afferam</strong></span> <span class='ocrx_word' id='word_1_197' title='bbox 789 1016 851 1048; x_wconf 90' lang='lat' dir='ltr'><strong>hoc</strong></span> <span class='ocrx_word' id='word_1_198' title='bbox 883 1015 955 1048; x_wconf 92' lang='grc'>1000</span> <span class='ocrx_word' id='word_1_199' title='bbox 979 1016 1085 1049; x_wconf 88' lang='lat' dir='ltr'><strong>verba</strong></span> <span class='ocrx_word' id='word_1_200' title='bbox 1108 1015 1264 1048; x_wconf 87' lang='lat' dir='ltr'><strong>Mitteisii</strong></span> <span class='ocrx_word' id='word_1_201' title='bbox 1290 1015 1380 1056; x_wconf 88' lang='lat' dir='ltr'><strong>(Pap.</strong></span> <span class='ocrx_word' id='word_1_202' title='bbox 1397 1014 1488 1056; x_wconf 90' lang='lat' dir='ltr'><strong>Lips.</strong></span> <span class='ocrx_word' id='word_1_203' title='bbox 1504 1024 1536 1056; x_wconf 91' lang='lat' dir='ltr'><strong>p.</strong></span> <span class='ocrx_word' id='word_1_204' title='bbox 1552 1013 1682 1058; x_wconf 67' lang='lat'><strong>48149):</strong></span> <span class='ocrx_word' id='word_1_205' title='bbox 1721 1015 1882 1056; x_wconf 81' lang='lat' dir='ltr'><strong>„Manche</strong></span> <span class='ocrx_word' id='word_1_206' title='bbox 1904 1015 2068 1048; x_wconf 60' lang='lat' dir='ltr'><strong>Personam</strong></span> 
     </span>
     <span class='ocr_line' id='line_1_19' title="bbox 99 1064 2069 1109; baseline -0.001 -10"><span class='ocrx_word' id='word_1_207' title='bbox 99 1064 275 1109; x_wconf 68' lang='lat' dir='ltr'><strong>qewiihnen</strong></span> <span class='ocrx_word' id='word_1_208' title='bbox 305 1065 373 1099; x_wconf 77' lang='lat' dir='ltr'><strong>sich</strong></span> <span class='ocrx_word' id='word_1_209' title='bbox 403 1066 464 1108; x_wconf 70' lang='lat' dir='ltr'><strong>fiir</strong></span> <span class='ocrx_word' id='word_1_210' title='bbox 491 1065 564 1100; x_wconf 84' lang='lat' dir='ltr'><strong>ihre</strong></span> <span class='ocrx_word' id='word_1_211' title='bbox 595 1065 817 1108; x_wconf 73' lang='lat' dir='ltr'><strong>Unterschrift</strong></span> <span class='ocrx_word' id='word_1_212' title='bbox 840 1066 936 1100; x_wconf 76' lang='lat' dir='ltr'><strong>einen</strong></span> <span class='ocrx_word' id='word_1_213' title='bbox 959 1066 1163 1108; x_wconf 79' lang='lat' dir='ltr'><strong>besonderen,</strong></span> <span class='ocrx_word' id='word_1_214' title='bbox 1196 1076 1259 1100; x_wconf 78' lang='lat' dir='ltr'><strong>von</strong></span> <span class='ocrx_word' id='word_1_215' title='bbox 1282 1065 1387 1099; x_wconf 78' lang='lat' dir='ltr'><strong>ilzrem</strong></span> <span class='ocrx_word' id='word_1_216' title='bbox 1409 1064 1648 1109; x_wconf 71' lang='lat' dir='ltr'><strong>yewiihnlichen</strong></span> <span class='ocrx_word' id='word_1_217' title='bbox 1672 1065 1917 1100; x_wconf 79' lang='lat' dir='ltr'><strong>abwez&#39;chenden</strong></span> <span class='ocrx_word' id='word_1_218' title='bbox 1939 1065 2069 1099; x_wconf 80' lang='lat' dir='ltr'><strong>Ductus</strong></span> 
     </span>
     <span class='ocr_line' id='line_1_20' title="bbox 99 1115 2067 1157; baseline 0.001 -10"><span class='ocrx_word' id='word_1_219' title='bbox 99 1126 154 1157; x_wconf 77' lang='lat' dir='ltr'><strong>an,</strong></span> <span class='ocrx_word' id='word_1_220' title='bbox 185 1115 289 1156; x_wconf 77' lang='lat' dir='ltr'><strong>sodass</strong></span> <span class='ocrx_word' id='word_1_221' title='bbox 320 1127 352 1148; x_wconf 84' lang='lat' dir='ltr'><strong>es</strong></span> <span class='ocrx_word' id='word_1_222' title='bbox 382 1115 505 1149; x_wconf 82' lang='lat' dir='ltr'><strong>schwer</strong></span> <span class='ocrx_word' id='word_1_223' title='bbox 534 1127 577 1149; x_wconf 76' lang='lat' dir='ltr'><strong>zu</strong></span> <span class='ocrx_word' id='word_1_224' title='bbox 608 1116 819 1156; x_wconf 73' lang='lat' dir='ltr'><strong>entsdzeide‘n,</strong></span> <span class='ocrx_word' id='word_1_225' title='bbox 851 1116 889 1149; x_wconf 86' lang='lat' dir='ltr'><strong>ob</strong></span> <span class='ocrx_word' id='word_1_226' title='bbox 922 1116 1140 1157; x_wconf 78' lang='lat' dir='ltr'><strong>Unterschrift</strong></span> <span class='ocrx_word' id='word_1_227' title='bbox 1172 1117 1242 1149; x_wconf 78' lang='lat' dir='ltr'><strong>und</strong></span> <span class='ocrx_word' id='word_1_228' title='bbox 1265 1116 1413 1149; x_wconf 79' lang='lat' dir='ltr'><strong>Konteaet</strong></span> <span class='ocrx_word' id='word_1_229' title='bbox 1442 1127 1505 1148; x_wconf 83' lang='lat' dir='ltr'><strong>von</strong></span> <span class='ocrx_word' id='word_1_230' title='bbox 1537 1115 1700 1149; x_wconf 73' lang='lat' dir='ltr'><strong>derselbe‘n</strong></span> <span class='ocrx_word' id='word_1_231' title='bbox 1729 1115 1834 1149; x_wconf 78' lang='lat' dir='ltr'><strong>Hand</strong></span> <span class='ocrx_word' id='word_1_232' title='bbox 1857 1115 2067 1148; x_wconf 62' lang='lat' dir='ltr'><strong>hermilzren“.</strong></span> 
     </span>
     <span class='ocr_line' id='line_1_21' title="bbox 99 1164 2068 1208; baseline 0.001 -11"><span class='ocrx_word' id='word_1_233' title='bbox 99 1164 192 1197; x_wconf 88' lang='lat' dir='ltr'><strong>Idem</strong></span> <span class='ocrx_word' id='word_1_234' title='bbox 224 1173 304 1197; x_wconf 89' lang='lat' dir='ltr'><strong>sane</strong></span> <span class='ocrx_word' id='word_1_235' title='bbox 335 1164 429 1198; x_wconf 88' lang='lat' dir='ltr'><strong>valet</strong></span> <span class='ocrx_word' id='word_1_236' title='bbox 460 1165 502 1198; x_wconf 90' lang='lat' dir='ltr'><strong>de</strong></span> <span class='ocrx_word' id='word_1_237' title='bbox 534 1166 664 1207; x_wconf 83' lang='grc' dir='ltr'><em>ἔρρωσο</em></span> <span class='ocrx_word' id='word_1_238' title='bbox 696 1165 925 1207; x_wconf 89' lang='lat' dir='ltr'><strong>similibusque</strong></span> <span class='ocrx_word' id='word_1_239' title='bbox 957 1165 1095 1199; x_wconf 89' lang='lat' dir='ltr'><strong>vocibus</strong></span> <span class='ocrx_word' id='word_1_240' title='bbox 1126 1165 1353 1208; x_wconf 80' lang='lat' dir='ltr'><strong>formulisque,</strong></span> <span class='ocrx_word' id='word_1_241' title='bbox 1389 1174 1475 1206; x_wconf 87' lang='lat' dir='ltr'><strong>quae</strong></span> <span class='ocrx_word' id='word_1_242' title='bbox 1509 1164 1729 1207; x_wconf 89' lang='lat' dir='ltr'><strong>epistulis</strong></span> <span class='ocrx_word' id='word_1_243' title='bbox 1760 1164 1923 1198; x_wconf 89' lang='lat' dir='ltr'><strong>subscribi</strong></span> <span class='ocrx_word' id='word_1_244' title='bbox 1951 1164 2068 1207; x_wconf 87' lang='lat' dir='ltr'><strong>solent,</strong></span> 
     </span>
     <span class='ocr_line' id='line_1_22' title="bbox 100 1214 2068 1257; baseline 0 -9"><span class='ocrx_word' id='word_1_245' title='bbox 100 1215 141 1248; x_wconf 91' lang='lat' dir='ltr'><strong>de</strong></span> <span class='ocrx_word' id='word_1_246' title='bbox 173 1214 293 1256; x_wconf 91' lang='lat' dir='ltr'><strong>quibus</strong></span> <span class='ocrx_word' id='word_1_247' title='bbox 326 1214 480 1249; x_wconf 80' lang='lat' dir='ltr'><strong>conferas</strong></span> <span class='ocrx_word' id='word_1_248' title='bbox 504 1215 672 1257; x_wconf 86' lang='lat' dir='ltr'><strong>Ziemann,</strong></span> <span class='ocrx_word' id='word_1_249' title='bbox 704 1216 755 1249; x_wconf 90' lang='lat' dir='ltr'><strong>De</strong></span> <span class='ocrx_word' id='word_1_250' title='bbox 788 1216 1007 1257; x_wconf 86' lang='lat' dir='ltr'><strong>epistularum</strong></span> <span class='ocrx_word' id='word_1_251' title='bbox 1031 1216 1236 1250; x_wconf 83' lang='lat' dir='ltr'><strong>Graecarum</strong></span> <span class='ocrx_word' id='word_1_252' title='bbox 1268 1215 1419 1249; x_wconf 80' lang='lat' dir='ltr'><strong>formulis</strong></span> <span class='ocrx_word' id='word_1_253' title='bbox 1442 1215 1656 1249; x_wconf 89' lang='lat' dir='ltr'><strong>sollemnibus</strong></span> <span class='ocrx_word' id='word_1_254' title='bbox 1680 1215 1892 1256; x_wconf 90' lang='lat' dir='ltr'><strong>quaestiones</strong></span> <span class='ocrx_word' id='word_1_255' title='bbox 1915 1215 2068 1257; x_wconf 88' lang='lat' dir='ltr'><strong>selectae,</strong></span> 
     </span>
     <span class='ocr_line' id='line_1_23' title="bbox 99 1264 2067 1307; baseline 0.001 -11"><span class='ocrx_word' id='word_1_256' title='bbox 99 1264 188 1297; x_wconf 89' lang='lat' dir='ltr'><strong>Diss.</strong></span> <span class='ocrx_word' id='word_1_257' title='bbox 204 1265 363 1297; x_wconf 88' lang='lat' dir='ltr'><strong>Halensis</strong></span> <span class='ocrx_word' id='word_1_258' title='bbox 381 1265 478 1297; x_wconf 85' lang='lat'><strong>1911.</strong></span> <span class='ocrx_word' id='word_1_259' title='bbox 518 1265 691 1297; x_wconf 87' lang='lat' dir='ltr'><strong>Eiusmodi</strong></span> <span class='ocrx_word' id='word_1_260' title='bbox 715 1266 821 1307; x_wconf 91' lang='lat' dir='ltr'><strong>igitur</strong></span> <span class='ocrx_word' id='word_1_261' title='bbox 844 1266 1007 1298; x_wconf 79' lang='lat' dir='ltr'><strong>formulae</strong></span> <span class='ocrx_word' id='word_1_262' title='bbox 1032 1275 1231 1306; x_wconf 89' lang='lat' dir='ltr'><strong>quamquam</strong></span> <span class='ocrx_word' id='word_1_263' title='bbox 1254 1275 1355 1305; x_wconf 88' lang='lat' dir='ltr'><strong>saepe</strong></span> <span class='ocrx_word' id='word_1_264' title='bbox 1379 1266 1420 1298; x_wconf 90' lang='lat' dir='ltr'><strong>ab</strong></span> <span class='ocrx_word' id='word_1_265' title='bbox 1445 1265 1514 1298; x_wconf 88' lang='lat' dir='ltr'><strong>alia</strong></span> <span class='ocrx_word' id='word_1_266' title='bbox 1535 1274 1636 1298; x_wconf 86' lang='lat' dir='ltr'><strong>manu</strong></span> <span class='ocrx_word' id='word_1_267' title='bbox 1652 1264 1799 1305; x_wconf 87' lang='lat' dir='ltr'><strong>scriptae</strong></span> <span class='ocrx_word' id='word_1_268' title='bbox 1815 1273 1887 1297; x_wconf 89' lang='lat' dir='ltr'><strong>esse</strong></span> <span class='ocrx_word' id='word_1_269' title='bbox 1903 1265 2067 1306; x_wconf 88' lang='lat' dir='ltr'><strong>videntur,</strong></span> 
     </span>
     <span class='ocr_line' id='line_1_24' title="bbox 100 1313 2067 1358; baseline 0.001 -11"><span class='ocrx_word' id='word_1_270' title='bbox 100 1313 232 1348; x_wconf 88' lang='lat' dir='ltr'><strong>cautius</strong></span> <span class='ocrx_word' id='word_1_271' title='bbox 263 1315 376 1348; x_wconf 89' lang='lat' dir='ltr'><strong>tamen</strong></span> <span class='ocrx_word' id='word_1_272' title='bbox 401 1323 474 1348; x_wconf 91' lang='lat' dir='ltr'><strong>esse</strong></span> <span class='ocrx_word' id='word_1_273' title='bbox 498 1314 690 1348; x_wconf 86' lang='lat' dir='ltr'><strong>existimavi</strong></span> <span class='ocrx_word' id='word_1_274' title='bbox 713 1315 800 1349; x_wconf 90' lang='lat' dir='ltr'><strong>hanc</strong></span> <span class='ocrx_word' id='word_1_275' title='bbox 825 1315 954 1357; x_wconf 86' lang='lat' dir='ltr'><strong>copiam</strong></span> <span class='ocrx_word' id='word_1_276' title='bbox 977 1325 1179 1358; x_wconf 88' lang='lat' dir='ltr'><strong>papyrorum</strong></span> <span class='ocrx_word' id='word_1_277' title='bbox 1203 1315 1333 1349; x_wconf 92' lang='lat' dir='ltr'><strong>omnino</strong></span> <span class='ocrx_word' id='word_1_278' title='bbox 1357 1314 1545 1358; x_wconf 87' lang='lat' dir='ltr'><strong>neglegere,</strong></span> <span class='ocrx_word' id='word_1_279' title='bbox 1577 1314 1643 1348; x_wconf 91' lang='lat' dir='ltr'><strong>nisi</strong></span> <span class='ocrx_word' id='word_1_280' title='bbox 1667 1313 1833 1357; x_wconf 86' lang='lat' dir='ltr'><strong>expressis</strong></span> <span class='ocrx_word' id='word_1_281' title='bbox 1856 1314 1968 1348; x_wconf 88' lang='lat' dir='ltr'><strong>verbis</strong></span> <span class='ocrx_word' id='word_1_282' title='bbox 1991 1314 2067 1348; x_wconf 90' lang='lat' dir='ltr'><strong>sub-</strong></span> 
     </span>
     <span class='ocr_line' id='line_1_25' title="bbox 98 1364 2067 1407; baseline 0.001 -10"><span class='ocrx_word' id='word_1_283' title='bbox 98 1364 244 1406; x_wconf 89' lang='lat' dir='ltr'><strong>scriptor</strong></span> <span class='ocrx_word' id='word_1_284' title='bbox 267 1367 328 1398; x_wconf 89' lang='lat' dir='ltr'><strong>ant</strong></span> <span class='ocrx_word' id='word_1_285' title='bbox 351 1365 463 1398; x_wconf 91' lang='lat' dir='ltr'><strong>scriba</strong></span> <span class='ocrx_word' id='word_1_286' title='bbox 487 1368 762 1398; x_wconf 88' lang='lat' dir='ltr'><strong>commemoratur</strong></span> <span class='ocrx_word' id='word_1_287' title='bbox 786 1366 838 1406; x_wconf 82' lang='lat' dir='ltr'><strong>(cf.</strong></span> <span class='ocrx_word' id='word_1_288' title='bbox 856 1376 942 1406; x_wconf 86' lang='lat' dir='ltr'><strong>quae</strong></span> <span class='ocrx_word' id='word_1_289' title='bbox 966 1367 1007 1398; x_wconf 91' lang='lat' dir='ltr'><strong>de</strong></span> <span class='ocrx_word' id='word_1_290' title='bbox 1031 1367 1095 1398; x_wconf 89' lang='lat' dir='ltr'><strong>hac</strong></span> <span class='ocrx_word' id='word_1_291' title='bbox 1118 1376 1155 1399; x_wconf 91' lang='lat' dir='ltr'><strong>re</strong></span> <span class='ocrx_word' id='word_1_292' title='bbox 1178 1366 1346 1407; x_wconf 82' lang='lat' dir='ltr'><strong>proferam</strong></span> <span class='ocrx_word' id='word_1_293' title='bbox 1370 1366 1405 1398; x_wconf 92' lang='lat' dir='ltr'><strong>in</strong></span> <span class='ocrx_word' id='word_1_294' title='bbox 1427 1366 1493 1398; x_wconf 90' lang='lat' dir='ltr'><strong>fine</strong></span> <span class='ocrx_word' id='word_1_295' title='bbox 1509 1367 1580 1407; x_wconf 91' lang='lat' dir='ltr'><strong>op.).</strong></span> <span class='ocrx_word' id='word_1_296' title='bbox 1612 1367 1790 1407; x_wconf 88' lang='lat' dir='ltr'><strong>praeterea</strong></span> <span class='ocrx_word' id='word_1_297' title='bbox 1812 1365 1969 1406; x_wconf 90' lang='lat' dir='ltr'><strong>inspicias</strong></span> <span class='ocrx_word' id='word_1_298' title='bbox 1992 1375 2067 1407; x_wconf 90' lang='lat' dir='ltr'><strong>pap.</strong></span> 
     </span>
     <span class='ocr_line' id='line_1_26' title="bbox 98 1413 2067 1457; baseline 0.001 -10"><span class='ocrx_word' id='word_1_299' title='bbox 98 1414 224 1447; x_wconf 87' lang='lat' dir='ltr'><strong>Thead.</strong></span> <span class='ocrx_word' id='word_1_300' title='bbox 241 1413 355 1457; x_wconf 80' lang='lat' dir='ltr'>39s40‚</span> <span class='ocrx_word' id='word_1_301' title='bbox 387 1414 446 1447; x_wconf 90' lang='lat' dir='ltr'><strong>ubi</strong></span> <span class='ocrx_word' id='word_1_302' title='bbox 477 1415 565 1448; x_wconf 88' lang='lat' dir='ltr'><strong>idem</strong></span> <span class='ocrx_word' id='word_1_303' title='bbox 597 1415 771 1456; x_wconf 89' lang='lat' dir='ltr'><strong>Ophellius</strong></span> <span class='ocrx_word' id='word_1_304' title='bbox 802 1418 856 1448; x_wconf 88' lang='lat' dir='ltr'><strong>ter</strong></span> <span class='ocrx_word' id='word_1_305' title='bbox 887 1415 1077 1457; x_wconf 88' lang='lat' dir='ltr'><strong>subscribit,</strong></span> <span class='ocrx_word' id='word_1_306' title='bbox 1109 1416 1167 1448; x_wconf 91' lang='lat' dir='ltr'><strong>sed</strong></span> <span class='ocrx_word' id='word_1_307' title='bbox 1199 1415 1399 1457; x_wconf 87' lang='lat' dir='ltr'><strong>subscriptio</strong></span> <span class='ocrx_word' id='word_1_308' title='bbox 1431 1424 1562 1457; x_wconf 90' lang='lat' dir='ltr'><strong>semper</strong></span> <span class='ocrx_word' id='word_1_309' title='bbox 1592 1415 1695 1448; x_wconf 87' lang='lat' dir='ltr'><strong>alium</strong></span> <span class='ocrx_word' id='word_1_310' title='bbox 1725 1414 1866 1456; x_wconf 90' lang='lat' dir='ltr'><strong>praebet</strong></span> <span class='ocrx_word' id='word_1_311' title='bbox 1897 1417 2067 1456; x_wconf 88' lang='lat' dir='ltr'><strong>aspectum</strong></span> 
     </span>
     <span class='ocr_line' id='line_1_27' title="bbox 98 1464 2068 1510; baseline 0.001 -12"><span class='ocrx_word' id='word_1_312' title='bbox 98 1464 299 1506; x_wconf 72' lang='lat' dir='ltr'><strong>(„Peut-etre</strong></span> <span class='ocrx_word' id='word_1_313' title='bbox 322 1464 449 1499; x_wconf 75' lang='lat' dir='ltr'><strong>doit-on</strong></span> <span class='ocrx_word' id='word_1_314' title='bbox 472 1466 629 1500; x_wconf 81' lang='lat' dir='ltr'><strong>admettre</strong></span> <span class='ocrx_word' id='word_1_315' title='bbox 652 1477 713 1508; x_wconf 77' lang='lat' dir='ltr'><strong>que</strong></span> <span class='ocrx_word' id='word_1_316' title='bbox 736 1465 879 1500; x_wconf 67' lang='lat' dir='ltr'><strong>certatus</strong></span> <span class='ocrx_word' id='word_1_317' title='bbox 902 1467 940 1500; x_wconf 88' lang='lat' dir='ltr'><strong>dc</strong></span> <span class='ocrx_word' id='word_1_318' title='bbox 964 1477 1013 1500; x_wconf 82' lang='lat' dir='ltr'><strong>ses</strong></span> <span class='ocrx_word' id='word_1_319' title='bbox 1036 1466 1153 1500; x_wconf 68' lang='lat' dir='ltr'><strong>scribes</strong></span> <span class='ocrx_word' id='word_1_320' title='bbox 1177 1466 1309 1501; x_wconf 78' lang='lat' dir='ltr'><strong>avaient</strong></span> <span class='ocrx_word' id='word_1_321' title='bbox 1331 1468 1359 1501; x_wconf 87' lang='lat' dir='ltr'><strong>le</strong></span> <span class='ocrx_word' id='word_1_322' title='bbox 1381 1466 1470 1501; x_wconf 80' lang='lat' dir='ltr'><strong>droit</strong></span> <span class='ocrx_word' id='word_1_323' title='bbox 1493 1467 1532 1501; x_wconf 84' lang='lat' dir='ltr'><strong>de</strong></span> <span class='ocrx_word' id='word_1_324' title='bbox 1554 1466 1666 1510; x_wconf 76' lang='lat' dir='ltr'><strong>siyner</strong></span> <span class='ocrx_word' id='word_1_325' title='bbox 1687 1477 1772 1509; x_wconf 81' lang='lat' dir='ltr'><strong>pour</strong></span> <span class='ocrx_word' id='word_1_326' title='bbox 1794 1464 1873 1500; x_wconf 81' lang='lat' dir='ltr'><strong>lui“.</strong></span> <span class='ocrx_word' id='word_1_327' title='bbox 1919 1465 2068 1508; x_wconf 86' lang='lat' dir='ltr'><strong>Jouguet</strong></span> 
     </span>
     <span class='ocr_line' id='line_1_28' title="bbox 97 1515 2066 1559; baseline 0 -12"><span class='ocrx_word' id='word_1_328' title='bbox 97 1515 117 1547; x_wconf 96' lang='lat' dir='ltr'><strong>l.</strong></span> <span class='ocrx_word' id='word_1_329' title='bbox 135 1516 171 1555; x_wconf 91' lang='lat' dir='ltr'><strong>c.)</strong></span> <span class='ocrx_word' id='word_1_330' title='bbox 190 1517 225 1548; x_wconf 91' lang='lat' dir='ltr'><strong>et</strong></span> <span class='ocrx_word' id='word_1_331' title='bbox 241 1517 320 1548; x_wconf 89' lang='lat' dir='ltr'><strong>test.</strong></span> <span class='ocrx_word' id='word_1_332' title='bbox 336 1515 402 1547; x_wconf 88' lang='grc'><strong>941</strong></span> <span class='ocrx_word' id='word_1_333' title='bbox 422 1516 469 1556; x_wconf 90' lang='grc' dir='ltr'>(Ρ.</span> <span class='ocrx_word' id='word_1_334' title='bbox 485 1516 530 1549; x_wconf 89' lang='grc' dir='ltr'><strong>Μ.</strong></span> <span class='ocrx_word' id='word_1_335' title='bbox 547 1516 673 1557; x_wconf 90' lang='lat' dir='ltr'><strong>Meyer,</strong></span> <span class='ocrx_word' id='word_1_336' title='bbox 696 1516 774 1549; x_wconf 80' lang='lat' dir='ltr'><strong>Abh.</strong></span> <span class='ocrx_word' id='word_1_337' title='bbox 792 1517 848 1549; x_wconf 88' lang='lat' dir='ltr'><strong>Pr.</strong></span> <span class='ocrx_word' id='word_1_338' title='bbox 866 1516 968 1549; x_wconf 69' lang='lat' dir='ltr'><strong>Alcad.</strong></span> <span class='ocrx_word' id='word_1_339' title='bbox 985 1516 1082 1558; x_wconf 84' lang='lat'><strong>1910,</strong></span> <span class='ocrx_word' id='word_1_340' title='bbox 1104 1516 1270 1558; x_wconf 58' lang='lat' dir='ltr'><strong>phu-hist.</strong></span> <span class='ocrx_word' id='word_1_341' title='bbox 1282 1517 1349 1558; x_wconf 68' lang='lat' dir='ltr'><strong>Kc„</strong></span> <span class='ocrx_word' id='word_1_342' title='bbox 1373 1516 1518 1559; x_wconf 73' lang='lat' dir='ltr'><strong>Anhanq</strong></span> <span class='ocrx_word' id='word_1_343' title='bbox 1529 1527 1562 1558; x_wconf 81' lang='lat' dir='ltr'><strong>p.</strong></span> <span class='ocrx_word' id='word_1_344' title='bbox 1577 1516 1647 1557; x_wconf 72' lang='lat'><strong>28),</strong></span> <span class='ocrx_word' id='word_1_345' title='bbox 1672 1515 1730 1548; x_wconf 91' lang='lat' dir='ltr'><strong>ubi</strong></span> <span class='ocrx_word' id='word_1_346' title='bbox 1745 1515 1833 1548; x_wconf 91' lang='lat' dir='ltr'><strong>idem</strong></span> <span class='ocrx_word' id='word_1_347' title='bbox 1849 1515 2066 1557; x_wconf 88' lang='lat' dir='ltr'><strong>magistratus</strong></span> 
     </span>
     <span class='ocr_line' id='line_1_29' title="bbox 96 1562 2067 1611; baseline 0.001 -14"><span class='ocrx_word' id='word_1_348' title='bbox 96 1566 168 1597; x_wconf 80' lang='lat' dir='ltr'><strong>tum</strong></span> <span class='ocrx_word' id='word_1_349' title='bbox 199 1564 322 1608; x_wconf 86' lang='grc' dir='ltr'><em>Ἑρμῆς</em></span> <span class='ocrx_word' id='word_1_350' title='bbox 352 1562 634 1610; x_wconf 80' lang='grc' dir='ltr'>&lt;σ&gt;εσημ(είωμαι)</span> <span class='ocrx_word' id='word_1_351' title='bbox 666 1568 737 1599; x_wconf 88' lang='lat' dir='ltr'><strong>tum</strong></span> <span class='ocrx_word' id='word_1_352' title='bbox 761 1565 883 1608; x_wconf 84' lang='grc' dir='ltr'><em>Ἑρμᾶς</em></span> <span class='ocrx_word' id='word_1_353' title='bbox 914 1564 1192 1611; x_wconf 84' lang='grc' dir='ltr'>&lt;σε&gt;ση(μείωμαι)</span> <span class='ocrx_word' id='word_1_354' title='bbox 1221 1566 1411 1600; x_wconf 84' lang='lat' dir='ltr'><strong>subscribit.</strong></span> <span class='ocrx_word' id='word_1_355' title='bbox 1458 1568 1605 1600; x_wconf 77' lang='lat' dir='ltr'><strong>ceterum</strong></span> <span class='ocrx_word' id='word_1_356' title='bbox 1629 1565 1763 1599; x_wconf 90' lang='lat' dir='ltr'><strong>minime</strong></span> <span class='ocrx_word' id='word_1_357' title='bbox 1786 1574 1899 1598; x_wconf 86' lang='lat' dir='ltr'><strong>omnes</strong></span> <span class='ocrx_word' id='word_1_358' title='bbox 1922 1564 2067 1598; x_wconf 85' lang='lat' dir='ltr'><strong>editores</strong></span> 
     </span>
     <span class='ocr_line' id='line_1_30' title="bbox 97 1614 2067 1658; baseline 0.001 -11"><span class='ocrx_word' id='word_1_359' title='bbox 97 1614 182 1647; x_wconf 88' lang='lat' dir='ltr'><strong>satis</strong></span> <span class='ocrx_word' id='word_1_360' title='bbox 207 1615 389 1657; x_wconf 89' lang='lat' dir='ltr'><strong>diligenter</strong></span> <span class='ocrx_word' id='word_1_361' title='bbox 411 1625 529 1648; x_wconf 90' lang='lat' dir='ltr'><strong>manus</strong></span> <span class='ocrx_word' id='word_1_362' title='bbox 546 1616 768 1658; x_wconf 83' lang='lat' dir='ltr'><strong>distinguunt,</strong></span> <span class='ocrx_word' id='word_1_363' title='bbox 792 1626 891 1656; x_wconf 86' lang='lat' dir='ltr'><strong>quam</strong></span> <span class='ocrx_word' id='word_1_364' title='bbox 908 1616 950 1649; x_wconf 92' lang='lat' dir='ltr'><strong>ob</strong></span> <span class='ocrx_word' id='word_1_365' title='bbox 966 1626 1037 1648; x_wconf 89' lang='lat' dir='ltr'><strong>rem</strong></span> <span class='ocrx_word' id='word_1_366' title='bbox 1052 1616 1217 1658; x_wconf 89' lang='lat' dir='ltr'><strong>Wilcken‚</strong></span> <span class='ocrx_word' id='word_1_367' title='bbox 1241 1626 1314 1649; x_wconf 91' lang='lat' dir='ltr'><strong>cum</strong></span> <span class='ocrx_word' id='word_1_368' title='bbox 1330 1619 1562 1658; x_wconf 88' lang='lat' dir='ltr'><strong>argumentum</strong></span> <span class='ocrx_word' id='word_1_369' title='bbox 1578 1616 1677 1649; x_wconf 90' lang='lat' dir='ltr'><strong>huius</strong></span> <span class='ocrx_word' id='word_1_370' title='bbox 1693 1614 1843 1656; x_wconf 83' lang='lat' dir='ltr'><strong>opusculi</strong></span> <span class='ocrx_word' id='word_1_371' title='bbox 1858 1618 2067 1657; x_wconf 89' lang='lat' dir='ltr'><strong>proponeret,</strong></span> 
     </span>
     <span class='ocr_line' id='line_1_31' title="bbox 96 1664 2068 1711; baseline 0.002 -14"><span class='ocrx_word' id='word_1_372' title='bbox 96 1673 162 1697; x_wconf 92' lang='grc'>11011</span> <span class='ocrx_word' id='word_1_373' title='bbox 185 1664 258 1698; x_wconf 86' lang='grc'>31118</span> <span class='ocrx_word' id='word_1_374' title='bbox 280 1664 354 1699; x_wconf 90' lang='grc'>11118</span> <span class='ocrx_word' id='word_1_375' title='bbox 378 1665 515 1708; x_wconf 87' lang='lat' dir='ltr'><strong>scripsit</strong></span> <span class='ocrx_word' id='word_1_376' title='bbox 540 1666 755 1710; x_wconf 69' lang='lat' dir='ltr'><strong>(Grzmdzic‘qe</strong></span> <span class='ocrx_word' id='word_1_377' title='bbox 778 1666 796 1700; x_wconf 97' lang='lat' dir='ltr'>I</span> <span class='ocrx_word' id='word_1_378' title='bbox 821 1666 839 1698; x_wconf 91' lang='lat'>1</span> <span class='ocrx_word' id='word_1_379' title='bbox 864 1676 895 1708; x_wconf 92' lang='lat' dir='ltr'><strong>p.</strong></span> <span class='ocrx_word' id='word_1_380' title='bbox 914 1665 978 1699; x_wconf 83' lang='lat'><strong>137</strong></span> <span class='ocrx_word' id='word_1_381' title='bbox 1004 1666 1078 1700; x_wconf 88' lang='lat' dir='ltr'><strong>adn.</strong></span> <span class='ocrx_word' id='word_1_382' title='bbox 1095 1666 1141 1708; x_wconf 85' lang='lat'><strong>4):</strong></span> <span class='ocrx_word' id='word_1_383' title='bbox 1172 1667 1460 1711; x_wconf 73' lang='lat' dir='ltr'><strong>„Voraussetzuny</strong></span> <span class='ocrx_word' id='word_1_384' title='bbox 1482 1666 1542 1709; x_wconf 78' lang='lat' dir='ltr'><strong>fc’c&#39;r</strong></span> <span class='ocrx_word' id='word_1_385' title='bbox 1564 1667 1624 1701; x_wconf 82' lang='lat' dir='ltr'><strong>das</strong></span> <span class='ocrx_word' id='word_1_386' title='bbox 1649 1665 1807 1710; x_wconf 73' lang='lat' dir='ltr'><strong>Gelinqen</strong></span> <span class='ocrx_word' id='word_1_387' title='bbox 1831 1665 1921 1699; x_wconf 78' lang='lat' dir='ltr'><strong>einer</strong></span> <span class='ocrx_word' id='word_1_388' title='bbox 1943 1664 2068 1700; x_wconf 79' lang='lat' dir='ltr'><strong>solchen</strong></span> 
     </span>
     <span class='ocr_line' id='line_1_32' title="bbox 104 1715 2068 1760; baseline -0.001 -11"><span class='ocrx_word' id='word_1_389' title='bbox 104 1715 356 1759; x_wconf 75' lang='lat' dir='ltr'><strong>Untersuchunq</strong></span> <span class='ocrx_word' id='word_1_390' title='bbox 388 1720 476 1750; x_wconf 75' lang='lat' dir='ltr'><strong>wcire</strong></span> <span class='ocrx_word' id='word_1_391' title='bbox 507 1717 694 1760; x_wconf 75' lang='lat' dir='ltr'><strong>allerdinys,</strong></span> <span class='ocrx_word' id='word_1_392' title='bbox 727 1718 795 1759; x_wconf 79' lang='grc' dir='ltr'><strong>ἄαβ</strong></span> <span class='ocrx_word' id='word_1_393' title='bbox 822 1717 860 1750; x_wconf 76' lang='lat' dir='ltr'><strong>in</strong></span> <span class='ocrx_word' id='word_1_394' title='bbox 883 1718 947 1750; x_wconf 80' lang='lat' dir='ltr'><strong>den</strong></span> <span class='ocrx_word' id='word_1_395' title='bbox 971 1717 1150 1751; x_wconf 75' lang='lat' dir='ltr'><strong>Editionen</strong></span> <span class='ocrx_word' id='word_1_396' title='bbox 1174 1718 1226 1750; x_wconf 84' lang='lat' dir='ltr'><strong>die</strong></span> <span class='ocrx_word' id='word_1_397' title='bbox 1256 1717 1532 1751; x_wconf 70' lang='lat' dir='ltr'><strong>Verschiedenheit</strong></span> <span class='ocrx_word' id='word_1_398' title='bbox 1554 1718 1612 1750; x_wconf 81' lang='lat' dir='ltr'><strong>der</strong></span> <span class='ocrx_word' id='word_1_399' title='bbox 1635 1716 1768 1758; x_wconf 67' lang='lat' dir='ltr'><strong>Hande,</strong></span> <span class='ocrx_word' id='word_1_400' title='bbox 1798 1726 1942 1758; x_wconf 72' lang='lat' dir='ltr'><strong>qenazaer</strong></span> <span class='ocrx_word' id='word_1_401' title='bbox 1964 1716 2013 1749; x_wconf 85' lang='lat' dir='ltr'><strong>als</strong></span> <span class='ocrx_word' id='word_1_402' title='bbox 2036 1727 2068 1749; x_wconf 86' lang='lat' dir='ltr'><strong>es</strong></span> 
     </span>
     <span class='ocr_line' id='line_1_33' title="bbox 96 1764 2068 1810; baseline 0.001 -12"><span class='ocrx_word' id='word_1_403' title='bbox 96 1764 202 1798; x_wconf 81' lang='lat' dir='ltr'><strong>bisher</strong></span> <span class='ocrx_word' id='word_1_404' title='bbox 216 1766 355 1808; x_wconf 74' lang='lat' dir='ltr'><strong>vielfach</strong></span> <span class='ocrx_word' id='word_1_405' title='bbox 370 1766 544 1809; x_wconf 74' lang='lat' dir='ltr'><strong>yeschehen</strong></span> <span class='ocrx_word' id='word_1_406' title='bbox 560 1767 613 1808; x_wconf 79' lang='lat' dir='ltr'><strong>ist,</strong></span> <span class='ocrx_word' id='word_1_407' title='bbox 636 1766 818 1810; x_wconf 73' lang='lat' dir='ltr'><strong>festyestellt</strong></span> <span class='ocrx_word' id='word_1_408' title='bbox 841 1767 986 1800; x_wconf 44' lang='lat' dir='ltr'><strong>warde&amp;</strong></span> <span class='ocrx_word' id='word_1_409' title='bbox 1023 1767 1110 1807; x_wconf 91' lang='lat' dir='ltr'><strong>quod</strong></span> <span class='ocrx_word' id='word_1_410' title='bbox 1126 1766 1198 1807; x_wconf 84' lang='lat' dir='ltr'><strong>ipse</strong></span> <span class='ocrx_word' id='word_1_411' title='bbox 1214 1769 1371 1808; x_wconf 86' lang='lat' dir='ltr'><strong>expertus</strong></span> <span class='ocrx_word' id='word_1_412' title='bbox 1395 1776 1476 1809; x_wconf 91' lang='lat' dir='ltr'><strong>sum,</strong></span> <span class='ocrx_word' id='word_1_413' title='bbox 1501 1776 1574 1800; x_wconf 91' lang='lat' dir='ltr'><strong>cum</strong></span> <span class='ocrx_word' id='word_1_414' title='bbox 1598 1765 1773 1808; x_wconf 89' lang='lat' dir='ltr'><strong>apochas</strong></span> <span class='ocrx_word' id='word_1_415' title='bbox 1797 1765 1848 1798; x_wconf 89' lang='lat' dir='ltr'><strong>ad</strong></span> <span class='ocrx_word' id='word_1_416' title='bbox 1871 1764 2068 1808; x_wconf 88' lang='lat' dir='ltr'><strong>sitologos</strong></span> 
     </span>
     <span class='ocr_line' id='line_1_34' title="bbox 97 1815 2067 1859; baseline -0.001 -10"><span class='ocrx_word' id='word_1_417' title='bbox 97 1815 225 1848; x_wconf 88' lang='lat' dir='ltr'><strong>datas</strong></span> <span class='ocrx_word' id='word_1_418' title='bbox 249 1815 284 1848; x_wconf 92' lang='lat' dir='ltr'><strong>in</strong></span> <span class='ocrx_word' id='word_1_419' title='bbox 300 1826 412 1849; x_wconf 89' lang='lat' dir='ltr'><strong>museo</strong></span> <span class='ocrx_word' id='word_1_420' title='bbox 429 1817 640 1850; x_wconf 88' lang='lat' dir='ltr'><strong>Berolinensi</strong></span> <span class='ocrx_word' id='word_1_421' title='bbox 655 1816 895 1859; x_wconf 89' lang='lat' dir='ltr'><strong>benignissime</strong></span> <span class='ocrx_word' id='word_1_422' title='bbox 912 1816 1151 1850; x_wconf 89' lang='lat' dir='ltr'><strong>adiuvantibus</strong></span> <span class='ocrx_word' id='word_1_423' title='bbox 1168 1816 1354 1851; x_wconf 88' lang='lat' dir='ltr'><strong>Schubarto</strong></span> <span class='ocrx_word' id='word_1_424' title='bbox 1371 1817 1644 1858; x_wconf 87' lang='lat' dir='ltr'><strong>Plaumannoque</strong></span> <span class='ocrx_word' id='word_1_425' title='bbox 1660 1815 1866 1857; x_wconf 86' lang='lat' dir='ltr'><strong>inspicerem,</strong></span> <span class='ocrx_word' id='word_1_426' title='bbox 1891 1816 1932 1848; x_wconf 91' lang='lat' dir='ltr'><strong>de</strong></span> <span class='ocrx_word' id='word_1_427' title='bbox 1948 1815 2067 1856; x_wconf 90' lang='lat' dir='ltr'><strong>quibus</strong></span> 
     </span>
     <span class='ocr_line' id='line_1_35' title="bbox 96 1865 2066 1908; baseline 0 -11"><span class='ocrx_word' id='word_1_428' title='bbox 96 1865 181 1897; x_wconf 88' lang='lat' dir='ltr'><strong>haec</strong></span> <span class='ocrx_word' id='word_1_429' title='bbox 212 1867 363 1898; x_wconf 84' lang='lat' dir='ltr'><strong>statuere</strong></span> <span class='ocrx_word' id='word_1_430' title='bbox 395 1866 506 1907; x_wconf 91' lang='lat' dir='ltr'><strong>potui:</strong></span> <span class='ocrx_word' id='word_1_431' title='bbox 540 1867 604 1899; x_wconf 91' lang='lat' dir='ltr'><strong>duo</strong></span> <span class='ocrx_word' id='word_1_432' title='bbox 637 1869 717 1899; x_wconf 92' lang='lat' dir='ltr'><strong>sunt</strong></span> <span class='ocrx_word' id='word_1_433' title='bbox 747 1876 873 1908; x_wconf 89' lang='lat' dir='ltr'><strong>genera</strong></span> <span class='ocrx_word' id='word_1_434' title='bbox 905 1866 1117 1908; x_wconf 88' lang='lat' dir='ltr'><strong>apocharum,</strong></span> <span class='ocrx_word' id='word_1_435' title='bbox 1149 1876 1286 1907; x_wconf 87' lang='lat' dir='ltr'><strong>quorum</strong></span> <span class='ocrx_word' id='word_1_436' title='bbox 1313 1867 1421 1900; x_wconf 91' lang='lat' dir='ltr'><strong>minus</strong></span> <span class='ocrx_word' id='word_1_437' title='bbox 1446 1867 1545 1908; x_wconf 91' lang='lat' dir='ltr'><strong>(quod</strong></span> <span class='ocrx_word' id='word_1_438' title='bbox 1568 1865 1688 1907; x_wconf 88' lang='lat' dir='ltr'><strong>incipit</strong></span> <span class='ocrx_word' id='word_1_439' title='bbox 1712 1874 1733 1898; x_wconf 89' lang='lat' dir='ltr'><strong>a</strong></span> <span class='ocrx_word' id='word_1_440' title='bbox 1755 1874 1839 1898; x_wconf 89' lang='lat' dir='ltr'><strong>voce</strong></span> <span class='ocrx_word' id='word_1_441' title='bbox 1862 1866 2066 1907; x_wconf 77' lang='grc' dir='ltr'>σπερμάτων)</span> 
     </span>
     <span class='ocr_line' id='line_1_36' title="bbox 96 1914 2067 1959; baseline 0.001 -11"><span class='ocrx_word' id='word_1_442' title='bbox 96 1914 292 1955; x_wconf 88' lang='lat' dir='ltr'><strong>plerumque</strong></span> <span class='ocrx_word' id='word_1_443' title='bbox 324 1915 366 1948; x_wconf 89' lang='lat' dir='ltr'><strong>ab</strong></span> <span class='ocrx_word' id='word_1_444' title='bbox 400 1925 467 1948; x_wconf 87' lang='lat' dir='ltr'><strong>una</strong></span> <span class='ocrx_word' id='word_1_445' title='bbox 490 1925 599 1957; x_wconf 86' lang='lat' dir='ltr'><strong>manu,</strong></span> <span class='ocrx_word' id='word_1_446' title='bbox 631 1916 738 1949; x_wconf 91' lang='lat' dir='ltr'><strong>maius</strong></span> <span class='ocrx_word' id='word_1_447' title='bbox 764 1916 868 1956; x_wconf 91' lang='lat' dir='ltr'><strong>(cuius</strong></span> <span class='ocrx_word' id='word_1_448' title='bbox 899 1915 1032 1949; x_wconf 90' lang='lat' dir='ltr'><strong>initium</strong></span> <span class='ocrx_word' id='word_1_449' title='bbox 1057 1918 1109 1949; x_wconf 92' lang='lat' dir='ltr'><strong>est</strong></span> <span class='ocrx_word' id='word_1_450' title='bbox 1132 1917 1316 1959; x_wconf 83' lang='grc' dir='ltr'><strong><em>σιτολόγοις)</em></strong></span> <span class='ocrx_word' id='word_1_451' title='bbox 1340 1927 1471 1959; x_wconf 86' lang='lat' dir='ltr'><strong>semper</strong></span> <span class='ocrx_word' id='word_1_452' title='bbox 1494 1916 1566 1950; x_wconf 89' lang='lat' dir='ltr'><strong>sine</strong></span> <span class='ocrx_word' id='word_1_453' title='bbox 1590 1915 1691 1949; x_wconf 91' lang='lat' dir='ltr'><strong>dubio</strong></span> <span class='ocrx_word' id='word_1_454' title='bbox 1715 1924 1737 1948; x_wconf 92' lang='lat' dir='ltr'><strong>a</strong></span> <span class='ocrx_word' id='word_1_455' title='bbox 1760 1914 1888 1948; x_wconf 88' lang='lat' dir='ltr'><strong>duabus</strong></span> <span class='ocrx_word' id='word_1_456' title='bbox 1916 1915 2067 1949; x_wconf 85' lang='lat' dir='ltr'><strong>manibus</strong></span> 
     </span>
     <span class='ocr_line' id='line_1_37' title="bbox 97 1964 2068 2009; baseline 0.001 -12"><span class='ocrx_word' id='word_1_457' title='bbox 97 1964 259 2006; x_wconf 90' lang='lat' dir='ltr'><strong>scriptum</strong></span> <span class='ocrx_word' id='word_1_458' title='bbox 292 1967 352 1998; x_wconf 90' lang='lat' dir='ltr'><strong>est.</strong></span> <span class='ocrx_word' id='word_1_459' title='bbox 401 1965 494 1998; x_wconf 88' lang='lat' dir='ltr'><strong>cuius</strong></span> <span class='ocrx_word' id='word_1_460' title='bbox 526 1966 662 1999; x_wconf 87' lang='lat' dir='ltr'><strong>maioris</strong></span> <span class='ocrx_word' id='word_1_461' title='bbox 686 1966 819 2008; x_wconf 89' lang='lat' dir='ltr'><strong>generis</strong></span> <span class='ocrx_word' id='word_1_462' title='bbox 843 1966 1109 1999; x_wconf 87' lang='lat' dir='ltr'><strong>testimoniorum</strong></span> <span class='ocrx_word' id='word_1_463' title='bbox 1134 1967 1220 2008; x_wconf 83' lang='lat'><strong>(774)</strong></span> <span class='ocrx_word' id='word_1_464' title='bbox 1246 1977 1365 2009; x_wconf 91' lang='lat' dir='ltr'><strong>corpus</strong></span> <span class='ocrx_word' id='word_1_465' title='bbox 1389 1977 1519 2009; x_wconf 91' lang='lat' dir='ltr'><strong>semper</strong></span> <span class='ocrx_word' id='word_1_466' title='bbox 1551 1967 1594 2000; x_wconf 90' lang='lat' dir='ltr'><strong>ab</strong></span> <span class='ocrx_word' id='word_1_467' title='bbox 1618 1966 1687 1999; x_wconf 89' lang='lat' dir='ltr'><strong>alia</strong></span> <span class='ocrx_word' id='word_1_468' title='bbox 1709 1974 1809 1998; x_wconf 90' lang='lat' dir='ltr'><strong>manu</strong></span> <span class='ocrx_word' id='word_1_469' title='bbox 1833 1964 1992 2006; x_wconf 90' lang='lat' dir='ltr'><strong>scriptum</strong></span> <span class='ocrx_word' id='word_1_470' title='bbox 2016 1968 2068 1999; x_wconf 90' lang='lat' dir='ltr'><strong>est</strong></span> 
     </span>
     <span class='ocr_line' id='line_1_38' title="bbox 97 2014 2066 2060; baseline 0.001 -13"><span class='ocrx_word' id='word_1_471' title='bbox 97 2024 137 2047; x_wconf 88' lang='lat' dir='ltr'><strong>ac</strong></span> <span class='ocrx_word' id='word_1_472' title='bbox 168 2014 380 2058; x_wconf 88' lang='lat' dir='ltr'><strong>subscriptio,</strong></span> <span class='ocrx_word' id='word_1_473' title='bbox 412 2025 499 2057; x_wconf 90' lang='lat' dir='ltr'><strong>quae</strong></span> <span class='ocrx_word' id='word_1_474' title='bbox 523 2018 583 2049; x_wconf 89' lang='lat' dir='ltr'><strong>aut</strong></span> <span class='ocrx_word' id='word_1_475' title='bbox 607 2016 650 2049; x_wconf 88' lang='lat' dir='ltr'><strong>ab</strong></span> <span class='ocrx_word' id='word_1_476' title='bbox 675 2025 723 2058; x_wconf 91' lang='lat' dir='ltr'><strong>eo,</strong></span> <span class='ocrx_word' id='word_1_477' title='bbox 748 2016 805 2057; x_wconf 91' lang='lat' dir='ltr'><strong>qui</strong></span> <span class='ocrx_word' id='word_1_478' title='bbox 829 2016 1032 2049; x_wconf 80' lang='lat' dir='ltr'><strong>frumentum</strong></span> <span class='ocrx_word' id='word_1_479' title='bbox 1056 2016 1195 2059; x_wconf 87' lang='lat' dir='ltr'><strong>accepit,</strong></span> <span class='ocrx_word' id='word_1_480' title='bbox 1219 2020 1278 2051; x_wconf 91' lang='lat' dir='ltr'><strong>aut</strong></span> <span class='ocrx_word' id='word_1_481' title='bbox 1302 2018 1331 2051; x_wconf 91' lang='lat' dir='ltr'><strong>si</strong></span> <span class='ocrx_word' id='word_1_482' title='bbox 1354 2017 1427 2060; x_wconf 88' lang='lat' dir='ltr'><strong>ipse</strong></span> <span class='ocrx_word' id='word_1_483' title='bbox 1450 2017 1590 2060; x_wconf 88' lang='lat' dir='ltr'><strong>ignarus</strong></span> <span class='ocrx_word' id='word_1_484' title='bbox 1614 2018 1689 2049; x_wconf 87' lang='lat' dir='ltr'><strong>erat</strong></span> <span class='ocrx_word' id='word_1_485' title='bbox 1711 2015 1910 2057; x_wconf 90' lang='lat' dir='ltr'><strong>litterarum,</strong></span> <span class='ocrx_word' id='word_1_486' title='bbox 1935 2015 1976 2048; x_wconf 89' lang='lat' dir='ltr'><strong>ab</strong></span> <span class='ocrx_word' id='word_1_487' title='bbox 2001 2015 2066 2049; x_wconf 85' lang='lat' dir='ltr'><strong>alio</strong></span> 
     </span>
     <span class='ocr_line' id='line_1_39' title="bbox 97 2065 2067 2110; baseline 0.001 -12"><span class='ocrx_word' id='word_1_488' title='bbox 97 2065 209 2105; x_wconf 88' lang='lat' dir='ltr'><strong>aliquo</strong></span> <span class='ocrx_word' id='word_1_489' title='bbox 245 2066 374 2107; x_wconf 88' lang='lat' dir='ltr'><strong>scripta</strong></span> <span class='ocrx_word' id='word_1_490' title='bbox 410 2068 463 2099; x_wconf 89' lang='lat' dir='ltr'><strong>est</strong></span> <span class='ocrx_word' id='word_1_491' title='bbox 495 2066 613 2099; x_wconf 86' lang='lat' dir='ltr'><strong>addita</strong></span> <span class='ocrx_word' id='word_1_492' title='bbox 644 2066 788 2099; x_wconf 84' lang='lat' dir='ltr'><strong>formula</strong></span> <span class='ocrx_word' id='word_1_493' title='bbox 819 2066 879 2099; x_wconf 87' lang='lat' dir='ltr'><strong>illa</strong></span> <span class='ocrx_word' id='word_1_494' title='bbox 910 2067 1039 2108; x_wconf 82' lang='grc' dir='ltr'><strong><em>ἔγραψα</em></strong></span> <span class='ocrx_word' id='word_1_495' title='bbox 1071 2067 1153 2109; x_wconf 82' lang='grc' dir='ltr'><em>ὑπὲρ</em></span> <span class='ocrx_word' id='word_1_496' title='bbox 1185 2068 1284 2100; x_wconf 81' lang='grc' dir='ltr'>αὐτοῦ</span> <span class='ocrx_word' id='word_1_497' title='bbox 1319 2068 1537 2110; x_wconf 82' lang='grc' dir='ltr'><em>ᾶγραμμάτου</em></span> <span class='ocrx_word' id='word_1_498' title='bbox 1574 2066 1679 2107; x_wconf 90' lang='lat' dir='ltr'><strong>(velut</strong></span> <span class='ocrx_word' id='word_1_499' title='bbox 1713 2065 1749 2097; x_wconf 93' lang='lat' dir='ltr'><strong>in</strong></span> <span class='ocrx_word' id='word_1_500' title='bbox 1783 2067 1860 2098; x_wconf 90' lang='lat' dir='ltr'><strong>test.</strong></span> <span class='ocrx_word' id='word_1_501' title='bbox 1890 2065 1954 2098; x_wconf 86' lang='lat'><strong>153</strong></span> <span class='ocrx_word' id='word_1_502' title='bbox 1989 2066 2067 2099; x_wconf 89' lang='lat' dir='ltr'><strong>anni</strong></span> 
     </span>
     <span class='ocr_line' id='line_1_40' title="bbox 99 2114 2066 2160; baseline 0.002 -14"><span class='ocrx_word' id='word_1_503' title='bbox 99 2114 184 2156; x_wconf 89' lang='lat'><strong>156).</strong></span> <span class='ocrx_word' id='word_1_504' title='bbox 230 2125 297 2149; x_wconf 88' lang='lat' dir='ltr'><strong>una</strong></span> <span class='ocrx_word' id='word_1_505' title='bbox 328 2125 404 2158; x_wconf 87' lang='lat' dir='ltr'><strong>pap.</strong></span> <span class='ocrx_word' id='word_1_506' title='bbox 428 2116 524 2151; x_wconf 86' lang='lat' dir='ltr'><strong>BGU</strong></span> <span class='ocrx_word' id='word_1_507' title='bbox 550 2115 616 2149; x_wconf 89' lang='lat'><strong>105</strong></span> <span class='ocrx_word' id='word_1_508' title='bbox 645 2126 665 2150; x_wconf 93' lang='lat' dir='ltr'><strong>a</strong></span> <span class='ocrx_word' id='word_1_509' title='bbox 689 2115 799 2150; x_wconf 90' lang='lat' dir='ltr'><strong>tribus</strong></span> <span class='ocrx_word' id='word_1_510' title='bbox 830 2116 983 2150; x_wconf 89' lang='lat' dir='ltr'><strong>manibus</strong></span> <span class='ocrx_word' id='word_1_511' title='bbox 1015 2116 1142 2159; x_wconf 89' lang='lat' dir='ltr'><strong>scripta</strong></span> <span class='ocrx_word' id='word_1_512' title='bbox 1175 2120 1235 2160; x_wconf 90' lang='lat' dir='ltr'><strong>est,</strong></span> <span class='ocrx_word' id='word_1_513' title='bbox 1268 2118 1355 2159; x_wconf 91' lang='lat' dir='ltr'><strong>quod</strong></span> <span class='ocrx_word' id='word_1_514' title='bbox 1387 2118 1452 2151; x_wconf 91' lang='lat' dir='ltr'><strong>duo</strong></span> <span class='ocrx_word' id='word_1_515' title='bbox 1484 2116 1633 2150; x_wconf 89' lang='lat' dir='ltr'><strong>homines</strong></span> <span class='ocrx_word' id='word_1_516' title='bbox 1664 2115 1866 2148; x_wconf 84' lang='lat' dir='ltr'><strong>frumentum</strong></span> <span class='ocrx_word' id='word_1_517' title='bbox 1889 2115 2066 2159; x_wconf 89' lang='lat' dir='ltr'><strong>accipiunt,</strong></span> 
     </span>
     <span class='ocr_line' id='line_1_41' title="bbox 98 2165 2067 2210; baseline 0.001 -11"><span class='ocrx_word' id='word_1_518' title='bbox 98 2174 236 2206; x_wconf 90' lang='lat' dir='ltr'><strong>quorum</strong></span> <span class='ocrx_word' id='word_1_519' title='bbox 268 2168 409 2208; x_wconf 86' lang='lat' dir='ltr'><strong>uterque</strong></span> <span class='ocrx_word' id='word_1_520' title='bbox 433 2176 495 2200; x_wconf 90' lang='lat' dir='ltr'><strong>sua</strong></span> <span class='ocrx_word' id='word_1_521' title='bbox 518 2167 625 2209; x_wconf 89' lang='lat' dir='ltr'><strong>ipsius</strong></span> <span class='ocrx_word' id='word_1_522' title='bbox 649 2176 749 2200; x_wconf 86' lang='lat' dir='ltr'><strong>manu</strong></span> <span class='ocrx_word' id='word_1_523' title='bbox 773 2166 981 2208; x_wconf 88' lang='lat' dir='ltr'><strong>subscripsit.</strong></span> <span class='ocrx_word' id='word_1_524' title='bbox 1029 2177 1140 2201; x_wconf 91' lang='lat' dir='ltr'><strong>omnes</strong></span> <span class='ocrx_word' id='word_1_525' title='bbox 1163 2168 1243 2201; x_wconf 87' lang='lat' dir='ltr'><strong>illae</strong></span> <span class='ocrx_word' id='word_1_526' title='bbox 1266 2168 1386 2210; x_wconf 88' lang='lat' dir='ltr'><strong>papyri</strong></span> <span class='ocrx_word' id='word_1_527' title='bbox 1410 2168 1558 2209; x_wconf 88' lang='lat' dir='ltr'><strong>scriptae</strong></span> <span class='ocrx_word' id='word_1_528' title='bbox 1581 2168 1660 2200; x_wconf 92' lang='lat' dir='ltr'><strong>sunt</strong></span> <span class='ocrx_word' id='word_1_529' title='bbox 1684 2175 1713 2199; x_wconf 87' lang='lat' dir='ltr'><strong>a.</strong></span> <span class='ocrx_word' id='word_1_530' title='bbox 1732 2165 1866 2208; x_wconf 79' lang='lat' dir='ltr'>158s59‚</span> <span class='ocrx_word' id='word_1_531' title='bbox 1890 2165 1990 2199; x_wconf 89' lang='lat' dir='ltr'><strong>aliter</strong></span> <span class='ocrx_word' id='word_1_532' title='bbox 2013 2176 2067 2200; x_wconf 90' lang='lat' dir='ltr'><strong>res</strong></span> 
     </span>
     <span class='ocr_line' id='line_1_42' title="bbox 97 2215 2067 2258; baseline 0.002 -11"><span class='ocrx_word' id='word_1_533' title='bbox 97 2224 134 2247; x_wconf 90' lang='lat' dir='ltr'><strong>se</strong></span> <span class='ocrx_word' id='word_1_534' title='bbox 157 2215 261 2248; x_wconf 86' lang='lat' dir='ltr'><strong>habet</strong></span> <span class='ocrx_word' id='word_1_535' title='bbox 284 2216 318 2248; x_wconf 92' lang='lat' dir='ltr'><strong>in</strong></span> <span class='ocrx_word' id='word_1_536' title='bbox 342 2217 436 2250; x_wconf 82' lang='lat' dir='ltr'><strong>BGU</strong></span> <span class='ocrx_word' id='word_1_537' title='bbox 453 2217 518 2249; x_wconf 85' lang='lat'><strong>631</strong></span> <span class='ocrx_word' id='word_1_538' title='bbox 546 2219 633 2257; x_wconf 86' lang='lat' dir='ltr'><strong>(test.</strong></span> <span class='ocrx_word' id='word_1_539' title='bbox 652 2217 728 2258; x_wconf 84' lang='lat'><strong>775)</strong></span> <span class='ocrx_word' id='word_1_540' title='bbox 754 2216 832 2249; x_wconf 88' lang='lat' dir='ltr'><strong>anni</strong></span> <span class='ocrx_word' id='word_1_541' title='bbox 851 2216 926 2258; x_wconf 90' lang='lat'><strong>168,</strong></span> <span class='ocrx_word' id='word_1_542' title='bbox 951 2226 1036 2257; x_wconf 87' lang='lat' dir='ltr'><strong>quae</strong></span> <span class='ocrx_word' id='word_1_543' title='bbox 1060 2218 1188 2258; x_wconf 86' lang='lat' dir='ltr'><strong>apocha</strong></span> <span class='ocrx_word' id='word_1_544' title='bbox 1211 2228 1277 2251; x_wconf 90' lang='lat' dir='ltr'><strong>una</strong></span> <span class='ocrx_word' id='word_1_545' title='bbox 1300 2227 1400 2251; x_wconf 87' lang='lat' dir='ltr'><strong>manu</strong></span> <span class='ocrx_word' id='word_1_546' title='bbox 1422 2216 1612 2258; x_wconf 90' lang='lat' dir='ltr'><strong>conscripta</strong></span> <span class='ocrx_word' id='word_1_547' title='bbox 1636 2225 1709 2249; x_wconf 89' lang='lat' dir='ltr'><strong>esse</strong></span> <span class='ocrx_word' id='word_1_548' title='bbox 1724 2215 1868 2248; x_wconf 90' lang='lat' dir='ltr'><strong>videtur.</strong></span> <span class='ocrx_word' id='word_1_549' title='bbox 1903 2216 1960 2248; x_wconf 91' lang='grc'>38(1</span> <span class='ocrx_word' id='word_1_550' title='bbox 1984 2216 2067 2250; x_wconf 88' lang='grc'>11880</span> 
     </span>
     <span class='ocr_line' id='line_1_43' title="bbox 98 2264 1164 2310; baseline 0.004 -13"><span class='ocrx_word' id='word_1_551' title='bbox 98 2264 272 2307; x_wconf 61' lang='lat' dir='ltr'><strong>hactenus</strong></span> <span class='ocrx_word' id='word_1_552' title='bbox 296 2267 491 2310; x_wconf 83' lang='lat' dir='ltr'><strong>accedamus</strong></span> <span class='ocrx_word' id='word_1_553' title='bbox 514 2267 582 2300; x_wconf 89' lang='lat' dir='ltr'><strong>iam</strong></span> <span class='ocrx_word' id='word_1_554' title='bbox 606 2267 650 2300; x_wconf 89' lang='lat' dir='ltr'><strong>ad</strong></span> <span class='ocrx_word' id='word_1_555' title='bbox 674 2266 800 2300; x_wconf 91' lang='lat' dir='ltr'><strong>tertiae</strong></span> <span class='ocrx_word' id='word_1_556' title='bbox 824 2266 941 2299; x_wconf 86' lang='lat' dir='ltr'><strong>classis</strong></span> <span class='ocrx_word' id='word_1_557' title='bbox 965 2267 1164 2301; x_wconf 89' lang='lat' dir='ltr'><strong>testimonia.</strong></span> 
     </span>
    </p>
   </div>
   <div class='ocr_carea' id='block_1_4' title="bbox 102 2346 321 2353">
    <p class='ocr_par' dir='ltr' id='par_1_7' title="bbox 102 2346 321 2353">
     <span class='ocr_line' id='line_1_44' title="bbox 102 2346 321 2353; baseline 0 0"><span class='ocrx_word' id='word_1_558' title='bbox 102 2346 321 2353; x_wconf 95' lang='lat' dir='ltr'><strong> </strong></span> 
     </span>
    </p>
   </div>
   <div class='ocr_carea' id='block_1_5' title="bbox 92 2390 2068 2594">
    <p class='ocr_par' dir='ltr' id='par_1_8' title="bbox 92 2390 2068 2594">
     <span class='ocr_line' id='line_1_45' title="bbox 263 2390 2066 2431; baseline 0.002 -12"><span class='ocrx_word' id='word_1_559' title='bbox 263 2391 282 2428; x_wconf 87' lang='lat'><strong>¹)</strong></span> <span class='ocrx_word' id='word_1_560' title='bbox 302 2391 331 2419; x_wconf 91' lang='lat' dir='ltr'><strong>in</strong></span> <span class='ocrx_word' id='word_1_561' title='bbox 351 2392 384 2420; x_wconf 90' lang='lat' dir='ltr'><strong>iis</strong></span> <span class='ocrx_word' id='word_1_562' title='bbox 404 2392 519 2424; x_wconf 78' lang='lat' dir='ltr'><strong>chartis.</strong></span> <span class='ocrx_word' id='word_1_563' title='bbox 545 2393 594 2422; x_wconf 91' lang='lat' dir='ltr'><strong>ubi</strong></span> <span class='ocrx_word' id='word_1_564' title='bbox 613 2394 715 2431; x_wconf 89' lang='lat' dir='ltr'><strong>aliquis</strong></span> <span class='ocrx_word' id='word_1_565' title='bbox 734 2393 780 2422; x_wconf 79' lang='grc' dir='ltr'><strong>διὰ</strong></span> <span class='ocrx_word' id='word_1_566' title='bbox 801 2396 847 2421; x_wconf 85' lang='grc' dir='ltr'><strong>τοῦ</strong></span> <span class='ocrx_word' id='word_1_567' title='bbox 867 2393 953 2424; x_wconf 78' lang='grc' dir='ltr'><em>δεῖνος</em></span> <span class='ocrx_word' id='word_1_568' title='bbox 972 2393 1131 2428; x_wconf 88' lang='lat' dir='ltr'><strong>subscribit,</strong></span> <span class='ocrx_word' id='word_1_569' title='bbox 1151 2394 1196 2422; x_wconf 81' lang='grc' dir='ltr'><strong>τὸν</strong></span> <span class='ocrx_word' id='word_1_570' title='bbox 1214 2395 1288 2422; x_wconf 80' lang='grc' dir='ltr'><strong><em>δεῖνα</em></strong></span> <span class='ocrx_word' id='word_1_571' title='bbox 1308 2393 1508 2430; x_wconf 84' lang='lat' dir='ltr'><strong>subscripsisse</strong></span> <span class='ocrx_word' id='word_1_572' title='bbox 1527 2391 1679 2420; x_wconf 85' lang='lat' dir='ltr'><strong>verisimile</strong></span> <span class='ocrx_word' id='word_1_573' title='bbox 1704 2391 1762 2426; x_wconf 78' lang='lat' dir='ltr'><strong>est;</strong></span> <span class='ocrx_word' id='word_1_574' title='bbox 1786 2390 1922 2427; x_wconf 88' lang='lat' dir='ltr'><strong>imprimis</strong></span> <span class='ocrx_word' id='word_1_575' title='bbox 1940 2391 1977 2421; x_wconf 77' lang='lat' dir='ltr'><strong>ci.</strong></span> <span class='ocrx_word' id='word_1_576' title='bbox 1991 2392 2066 2431; x_wconf 82' lang='lat' dir='ltr'><strong>Oxy.</strong></span> 
     </span>
     <span class='ocr_line' id='line_1_46' title="bbox 95 2432 2066 2471; baseline 0 -10"><span class='ocrx_word' id='word_1_577' title='bbox 95 2433 174 2467; x_wconf 78' lang='lat'><strong>1208,</strong></span> <span class='ocrx_word' id='word_1_578' title='bbox 186 2433 223 2461; x_wconf 86' lang='lat'><strong>30</strong></span> <span class='ocrx_word' id='word_1_579' title='bbox 242 2436 273 2462; x_wconf 83' lang='lat' dir='ltr'><strong>et</strong></span> <span class='ocrx_word' id='word_1_580' title='bbox 292 2433 365 2461; x_wconf 86' lang='lat' dir='ltr'><strong>Gen.</strong></span> <span class='ocrx_word' id='word_1_581' title='bbox 378 2434 477 2468; x_wconf 82' lang='lat'><strong>25,10,</strong></span> <span class='ocrx_word' id='word_1_582' title='bbox 497 2435 544 2463; x_wconf 91' lang='lat' dir='ltr'><strong>ubi</strong></span> <span class='ocrx_word' id='word_1_583' title='bbox 564 2436 706 2471; x_wconf 85' lang='lat' dir='ltr'><strong>expressis</strong></span> <span class='ocrx_word' id='word_1_584' title='bbox 726 2436 821 2464; x_wconf 87' lang='lat' dir='ltr'><strong>verbis</strong></span> <span class='ocrx_word' id='word_1_585' title='bbox 848 2436 990 2463; x_wconf 86' lang='lat' dir='ltr'><strong>indicatur</strong></span> <span class='ocrx_word' id='word_1_586' title='bbox 1008 2435 1053 2462; x_wconf 78' lang='grc' dir='ltr'><strong>τὸν</strong></span> <span class='ocrx_word' id='word_1_587' title='bbox 1071 2436 1144 2463; x_wconf 82' lang='grc' dir='ltr'><em>δεῖνα</em></span> <span class='ocrx_word' id='word_1_588' title='bbox 1164 2437 1285 2465; x_wconf 88' lang='lat' dir='ltr'><strong>scribere</strong></span> <span class='ocrx_word' id='word_1_589' title='bbox 1304 2436 1414 2464; x_wconf 87' lang='lat' dir='ltr'><strong>nescire</strong></span> <span class='ocrx_word' id='word_1_590' title='bbox 1433 2437 1463 2463; x_wconf 89' lang='lat' dir='ltr'><strong>et</strong></span> <span class='ocrx_word' id='word_1_591' title='bbox 1487 2435 1639 2470; x_wconf 85' lang='lat' dir='ltr'><strong>propterea</strong></span> <span class='ocrx_word' id='word_1_592' title='bbox 1657 2432 1773 2460; x_wconf 86' lang='lat' dir='ltr'><strong>tertium</strong></span> <span class='ocrx_word' id='word_1_593' title='bbox 1791 2432 1916 2468; x_wconf 87' lang='lat' dir='ltr'><strong>aliquem</strong></span> <span class='ocrx_word' id='word_1_594' title='bbox 1934 2432 2001 2468; x_wconf 82' lang='grc' dir='ltr'><em>ὑπὲρ</em></span> <span class='ocrx_word' id='word_1_595' title='bbox 2020 2438 2066 2462; x_wconf 75' lang='grc' dir='ltr'><strong>τοῦ</strong></span> 
     </span>
     <span class='ocr_line' id='line_1_47' title="bbox 95 2472 2067 2514; baseline 0.001 -13"><span class='ocrx_word' id='word_1_596' title='bbox 95 2475 182 2504; x_wconf 80' lang='grc' dir='ltr'><strong><em>δεῖνος</em></strong></span> <span class='ocrx_word' id='word_1_597' title='bbox 210 2475 397 2503; x_wconf 86' lang='lat' dir='ltr'><strong>subscribere.</strong></span> <span class='ocrx_word' id='word_1_598' title='bbox 426 2478 574 2510; x_wconf 73' lang='lat' dir='ltr'><strong>praeterea</strong></span> <span class='ocrx_word' id='word_1_599' title='bbox 599 2477 735 2512; x_wconf 84' lang='lat' dir='ltr'><strong>inspicias</strong></span> <span class='ocrx_word' id='word_1_600' title='bbox 761 2484 869 2512; x_wconf 85' lang='lat' dir='ltr'><strong>quaeso</strong></span> <span class='ocrx_word' id='word_1_601' title='bbox 896 2485 946 2504; x_wconf 82' lang='lat' dir='ltr'><strong>eas</strong></span> <span class='ocrx_word' id='word_1_602' title='bbox 971 2475 1092 2510; x_wconf 84' lang='lat' dir='ltr'><strong>chartas,</strong></span> <span class='ocrx_word' id='word_1_603' title='bbox 1119 2478 1166 2505; x_wconf 93' lang='lat' dir='ltr'><strong>ubi</strong></span> <span class='ocrx_word' id='word_1_604' title='bbox 1191 2478 1220 2505; x_wconf 90' lang='lat' dir='ltr'><strong>in</strong></span> <span class='ocrx_word' id='word_1_605' title='bbox 1246 2486 1365 2514; x_wconf 85' lang='lat' dir='ltr'><strong>corpore</strong></span> <span class='ocrx_word' id='word_1_606' title='bbox 1389 2476 1525 2512; x_wconf 88' lang='lat' dir='ltr'><strong>scriptum</strong></span> <span class='ocrx_word' id='word_1_607' title='bbox 1544 2474 1675 2502; x_wconf 85' lang='lat' dir='ltr'><strong>videmus</strong></span> <span class='ocrx_word' id='word_1_608' title='bbox 1693 2473 1772 2501; x_wconf 87' lang='lat' dir='ltr'><strong>verbi</strong></span> <span class='ocrx_word' id='word_1_609' title='bbox 1791 2481 1877 2501; x_wconf 85' lang='lat' dir='ltr'><strong>causa</strong></span> <span class='ocrx_word' id='word_1_610' title='bbox 1895 2472 2067 2505; x_wconf 80' lang='grc' dir='ltr'><strong><em>Ἀπολλώνιος</em></strong></span> 
     </span>
     <span class='ocr_line' id='line_1_48' title="bbox 92 2514 2068 2554; baseline 0.002 -12"><span class='ocrx_word' id='word_1_611' title='bbox 92 2516 215 2550; x_wconf 80' lang='grc' dir='ltr'><em>Διδύμου</em></span> <span class='ocrx_word' id='word_1_612' title='bbox 244 2515 289 2543; x_wconf 80' lang='grc' dir='ltr'><strong>διὰ</strong></span> <span class='ocrx_word' id='word_1_613' title='bbox 318 2519 367 2543; x_wconf 83' lang='grc' dir='ltr'><strong>τοῦ</strong></span> <span class='ocrx_word' id='word_1_614' title='bbox 396 2515 482 2545; x_wconf 78' lang='grc' dir='ltr'><em>δεῖνος</em></span> <span class='ocrx_word' id='word_1_615' title='bbox 510 2519 597 2553; x_wconf 86' lang='lat' dir='ltr'><strong>atque</strong></span> <span class='ocrx_word' id='word_1_616' title='bbox 624 2518 652 2547; x_wconf 91' lang='lat' dir='ltr'><strong>in</strong></span> <span class='ocrx_word' id='word_1_617' title='bbox 679 2518 893 2554; x_wconf 86' lang='lat' dir='ltr'><strong>subscriptione</strong></span> <span class='ocrx_word' id='word_1_618' title='bbox 919 2518 934 2544; x_wconf 87' lang='grc' dir='ltr'>ὁ</span> <span class='ocrx_word' id='word_1_619' title='bbox 958 2518 1031 2545; x_wconf 79' lang='grc' dir='ltr'><strong><em>δεῖνα</em></strong></span> <span class='ocrx_word' id='word_1_620' title='bbox 1056 2519 1116 2546; x_wconf 87' lang='grc' dir='ltr'>31ν8</span> <span class='ocrx_word' id='word_1_621' title='bbox 1142 2518 1240 2547; x_wconf 87' lang='lat' dir='ltr'><strong>addito</strong></span> <span class='ocrx_word' id='word_1_622' title='bbox 1266 2519 1452 2554; x_wconf 79' lang='grc' dir='ltr'><strong><em>σεσημείωμαι</em></strong></span> <span class='ocrx_word' id='word_1_623' title='bbox 1472 2517 1532 2545; x_wconf 83' lang='lat' dir='ltr'><strong>sive</strong></span> <span class='ocrx_word' id='word_1_624' title='bbox 1558 2515 1664 2544; x_wconf 89' lang='lat' dir='ltr'><strong>omisso</strong></span> <span class='ocrx_word' id='word_1_625' title='bbox 1684 2514 1764 2551; x_wconf 82' lang='lat' dir='ltr'><strong>(Gen.</strong></span> <span class='ocrx_word' id='word_1_626' title='bbox 1777 2514 1826 2548; x_wconf 84' lang='lat'><strong>35;</strong></span> <span class='ocrx_word' id='word_1_627' title='bbox 1846 2514 1890 2543; x_wconf 87' lang='grc'><strong>44.</strong></span> <span class='ocrx_word' id='word_1_628' title='bbox 1914 2515 2068 2553; x_wconf 72' lang='lat' dir='ltr'><strong>BGU6035</strong></span> 
     </span>
     <span class='ocr_line' id='line_1_49' title="bbox 92 2557 574 2594; baseline 0 -8"><span class='ocrx_word' id='word_1_629' title='bbox 92 2557 166 2594; x_wconf 86' lang='lat' dir='ltr'><strong>Oxy.</strong></span> <span class='ocrx_word' id='word_1_630' title='bbox 180 2557 248 2591; x_wconf 85' lang='lat'>501;</span> <span class='ocrx_word' id='word_1_631' title='bbox 268 2560 298 2585; x_wconf 83' lang='lat' dir='ltr'><strong>et</strong></span> <span class='ocrx_word' id='word_1_632' title='bbox 316 2558 385 2586; x_wconf 84' lang='lat' dir='ltr'><strong>fort.</strong></span> <span class='ocrx_word' id='word_1_633' title='bbox 399 2557 507 2586; x_wconf 85' lang='lat' dir='ltr'><strong>Thead.</strong></span> <span class='ocrx_word' id='word_1_634' title='bbox 521 2558 574 2594; x_wconf 85' lang='lat'><strong>36).</strong></span> 
     </span>
    </p>
   </div>
  </div>
 </body>
</html>
