2206 2901
988 119 1190 157 .—3-

270 211 325 243 Ex
355 210 515 251 exemplis
546 210 692 243 eiusdem
722 210 855 252 generis
879 210 1080 251 comparatis
1103 219 1304 251 papyrorum
1332 210 1475 243 scribam
1498 211 1665 243 interdum
1689 212 1842 252 cognosci
1865 220 1964 253 posse
1987 210 2068 251 dixi,

109 269 306 304 quamquam
321 269 438 294 manus
454 260 608 294 diversae
624 259 786 303 distingui
801 269 867 294 non
889 262 1033 302 possent.
1072 259 1236 302 Inspicias
1252 269 1327 303 pap.
1343 260 1462 294 Hamb.
1478 259 1531 302 39,
1555 269 1642 302 quae
1658 259 1702 294 65
1718 261 1862 302 apochas
1869 262 1893 304 ι)
1918 260 2068 295 eiusdem
2133 266 2135 268 “

107 310 240 354 generis
271 310 429 352 continet,
461 319 600 351 quarum
631 310 676 343 40
699 310 875 343 formulam
909 311 1090 353 continent,
1121 312 1209 344 unde
1241 313 1382 352 apparet
1406 311 1550 352 aliquem
1573 321 1633 352 pro
1658 311 1769 352 aliquo
1794 315 1852 345 aut
1874 312 2068 345 litterarum

107 362 225 404 ignaro
256 361 317 393 aut
347 369 449 402 aegre
472 360 641 393 scribente
663 359 819 403 scribere,
850 362 953 401 atque
984 360 1020 394 in
1042 360 1108 394 fine
1131 361 1152 394 6
1176 361 1379 402 apocharum
1406 361 1518 394 scriba
1541 361 1613 402 ipse
1636 370 1710 394 sese
1733 361 1888 395 nominat.
1934 362 2069 395 restant

106 411 212 454 igitur
244 410 286 443 19
306 410 464 453 apochae,
495 419 579 452 quas
608 410 717 444 editor
739 413 778 444 ut
800 410 882 444 mihi
906 410 1038 452 quidem
1061 411 1195 445 videtur
1218 421 1277 445 suo
1301 411 1375 445 iure
1398 411 1441 444 ab
1466 411 1698 453 acceptoribus
1721 410 1804 453 ipsis
1826 412 1970 454 scriptas
1993 420 2068 445 esse

107 462 234 502 censet;
265 460 501 502 postulabatur
530 460 693 503 nimirum,
724 463 763 494 ut
793 470 906 495 omnes
936 461 1035 495 huius
1065 462 1197 504 generis
1222 462 1370 503 apochae
1394 464 1454 494 aut
1478 462 1520 495 ab
1544 464 1722 503 acceptore
1745 461 1817 503 ipso
1841 462 2068 496 scriberentur

106 512 167 544 aut
196 510 225 544 si
256 510 329 552 ipse
351 510 489 553 ignarus
513 513 611 553 esset,
634 510 778 544 formula
801 511 916 552 aliqua
937 511 1143 545 indicaretur
1166 511 1267 545 alium
1291 521 1351 553 pro
1375 511 1433 545 illo
1457 511 1639 553 scripsisse.
1686 511 1774 544 idem
1798 512 1840 544 de
1863 512 1998 553 apochis
2022 511 2066 544 ad

105 560 265 603 sitologos
289 561 378 594 datis
402 563 556 595 constare
578 561 722 595 videtur.

270 611 423 644 Ceterum
446 611 481 644 in
505 614 700 653 argumento
725 621 744 644 e
766 611 901 645 silentio
925 611 1084 653 capiendo
1109 612 1297 646 cautionem
1320 611 1543 645 adhibendam
1560 621 1633 645 esse
1649 611 1859 653 perspicuum
1877 615 1937 645 est.
1971 612 2067 646 velut

105 660 213 701 primo
237 663 376 702 aspectu
400 670 481 694 sane
504 661 686 694 verisimile
702 661 838 694 videtur
859 662 1079 703 χειρόγραφον
1088 663 1110 703 2)
1134 671 1235 695 manu
1251 661 1399 695 auctoris
1415 662 1576 702 scriptum
1593 671 1674 694 esse.
1708 662 1768 696 sed
1783 661 1834 694 ita
1849 671 1919 695 rem
1934 662 2067 694 minime

105 719 141 742 se
172 710 297 743 habere
328 710 572 744 demonstravit
602 710 733 744 Mitteis
758 710 970 754 (Grundeicye
992 710 1028 744 II
1046 712 1063 743 1
1088 722 1119 753 p.
1135 711 1200 753 56).
1247 713 1424 752 praeterea
1448 711 1489 744 cf.
1513 711 1636 744 testim.
1654 711 1720 744 291
1745 711 1838 753 (Oxy.
1855 711 1919 753 71),
1951 711 2008 744 ubi
2031 711 2065 744 in

104 759 170 792 fine
193 759 354 801 scriptum
377 760 541 793 videmus:
564 761 605 792 A.
629 760 813 802 Δημήτριος
843 761 1038 794 ἐπιδέδωκα.
1072 761 1251 802 scripsitne
1282 761 1389 802 igitur
1415 761 1606 793 Demetrius
1637 770 1699 793 sua
1730 760 1834 803 ipsius
1857 770 1956 793 manu
1980 761 2066 795 hanc

106 809 278 843 chartam?
314 819 431 852 nempe
462 819 557 843 nemo
589 812 876 853 commemoratur,
911 810 968 852 qui
998 820 1058 852 pro
1090 811 1262 844 Demetrio
1294 810 1545 852 subscripserit,
1581 813 1684 852 atque
1710 810 1896 852 permultae
1931 813 2067 845 exstant

104 859 294 902 petitiones,
317 860 375 894 ubi
399 860 600 902 subscriptio
625 860 667 894 ab
692 860 760 894 alia
783 870 882 894 manu
905 861 1032 903 scripta
1055 863 1107 895 est
1131 871 1171 895 ac
1195 870 1323 903 corpus.
1359 863 1397 894 at
1420 870 1439 894 e
1462 861 1552 894 linea
1570 861 1621 902 11,
1645 870 1731 902 quae
1751 860 1884 894 minime
1900 870 1974 894 cum
1989 861 2065 894 sub-

104 909 286 952 scriptione
302 910 468 953 cohaeret,
492 920 571 944 casu
595 911 737 952 quodam
754 911 964 954 cognoscitur
987 911 1178 945 Demetrius
1201 911 1349 945 scribere
1372 911 1502 944 nescire
1526 911 1589 952 (διὰ
1612 911 1648 944 τὸ
1672 911 1886 954 ἀγράμμαιόν
1907 924 1950 954 με
1966 910 2065 953 εἶναι).

104 960 220 1002 itaque
236 963 297 995 aut
312 961 434 995 omissa
450 963 502 995 est
517 961 772 1004 subscriptionis
788 962 1052 996 commemoratio
1068 962 1104 996 in
1119 962 1182 996 hoc
1198 962 1392 1005 apographo
1410 981 1451 986 ——
1470 961 1698 1005 apographum
1714 961 1801 996 enim
1816 962 1985 1005 habemus,
2000 971 2066 996 non

105 1011 211 1052 ipsam
227 1011 422 1052 petitionem
440 1012 484 1045 ad
498 1011 706 1053 praefectum
729 1012 862 1045 missam
877 1031 922 1036 —
939 1015 999 1045 aut
1021 1022 1087 1045 non
1110 1013 1333 1055 ἀγράμματος,
1357 1013 1416 1045 sed
1439 1013 1592 1054 βραδέως
1616 1013 1755 1054 γράφων
1778 1012 1845 1045 fuit
1865 1013 2066 1046 Demetrius.

105 1070 167 1104 ego
190 1071 281 1104 vero,
313 1063 352 1099 ut
375 1061 566 1096 cautissime
589 1071 731 1105 agerem,
756 1061 915 1096 eiusmodi
943 1062 1088 1105 chartas,
1119 1062 1317 1104 ubicumque
1340 1062 1482 1097 alterius
1505 1071 1622 1095 manus
1649 1062 1773 1096 mentio
1801 1062 1895 1096 facta
1923 1072 1990 1099 non
2013 1064 2066 1096 est

104 1112 146 1144 ab
171 1112 366 1155 editoribus,
390 1112 494 1146 omisi.

266 1162 307 1195 In
338 1162 570 1197 editionibus
600 1162 787 1195 indicandis
817 1171 948 1204 semper
976 1162 1020 1195 iis
1050 1162 1139 1195 notis
1169 1165 1255 1204 utor,
1286 1172 1369 1203 quas
1392 1163 1549 1196 Wilcken
1574 1162 1790 1206 (Grundcuye
1812 1163 1839 1196 I
1849 1163 1868 1196 1
1893 1174 1929 1206 p.
1946 1162 2018 1198 XX
2021 1164 2064 1204 V>

103 1211 285 1253 proposuit.
331 1221 388 1246 eos
411 1212 523 1255 libros,
548 1212 604 1254 qui
627 1211 675 1245 ibi
699 1213 828 1255 desunt,
851 1212 905 1246 his
927 1212 1053 1246 litteris
1076 1212 1242 1246 inducam:

266 1272 366 1303 Arch.
389 1287 433 1299 =
457 1272 579 1304 Archiv
597 1273 661 1309 fur
684 1272 1026 1317 Papyrusforschuny.

265 1320 365 1354 Jand.
388 1335 433 1349 =
456 1320 583 1363 Papyri
605 1320 790 1363 Jandanae,
822 1329 895 1354 cum
927 1320 1100 1363 discipulis
1131 1320 1237 1355 edidit
1268 1321 1301 1355 C.
1318 1321 1532 1364 Kalbfleisch‚
1555 1321 1637 1355 fasc.
1653 1322 1689 1355 Π
1713 1324 1749 1355 et
1772 1321 1835 1364 ΙΠ,
1858 1321 1949 1364 Lips.
1967 1321 2064 1355 1913.

321 1372 356 1404 M
380 1387 423 1399 =
449 1372 651 1415 Grumdettye
674 1372 744 1405 und
768 1371 1027 1406 Chrestomathie
1050 1373 1108 1406 der
1123 1372 1388 1415 Papymskunde
1410 1373 1462 1406 II.
1479 1372 1592 1415 Band,
1614 1373 1676 1406 2oe
1699 1372 1814 1415 Haste
1836 1384 1898 1407 von
1921 1372 2065 1415 Ludwiy

459 1421 597 1464 Mittas,
621 1421 761 1464 Leipeiq
775 1421 869 1454 1912.

273 1492 276 1496 ,
316 1470 362 1505 Sb
386 1486 429 1499 =
454 1470 674 1560 {argmcssbvzch
705 1470 810 1550 qrwch19'13
810 1470 914 1505 ischcr
946 1470 1126 1506 Urkunden
1154 1482 1217 1506 aus
1240 1471 1402 1516 Aqypte‘n,
1434 1471 1690 1517 herausyeqeben
1720 1483 1783 1506 von
1810 1471 1870 1508 Fr.
1888 1472 2063 1515 Preaehiyke.

541 1528 582 1551 ra
648 1529 688 1561 ry
798 1544 805 1551 .

320 1567 368 1600 SJ
388 1582 431 1594 =
456 1567 578 1610 Papiri
604 1567 703 1600 Greci
724 1578 742 1600 e
764 1567 883 1601 Latini
905 1567 1058 1606 (Pubblic.
1082 1567 1165 1601 della
1187 1567 1315 1601 Societo
1337 1568 1498 1607 italiana).
1538 1568 1681 1602 Firereze
1703 1568 1797 1601 1912.

319 1618 364 1652 W
386 1633 431 1646 =
456 1618 659 1661 Grundziiqe
681 1618 753 1654 und
777 1617 1033 1651 marestomathie
1062 1618 1121 1652 der
1144 1618 1419 1660 Papyruslmnde,
1451 1618 1480 1651 I.
1497 1619 1608 1660 Band,
1639 1619 1702 1652 2te
1723 1618 1838 1660 Hd'lfte
1860 1630 1923 1651 vem
1947 1617 2063 1652 Uln'ch

466 1667 617 1710 Wilcken,
641 1667 779 1711 Leiptiy
801 1667 896 1702 1912.

350 1719 368 1738 *
391 1734 436 1746 =
459 1717 656 1752 feminarum
679 1717 866 1752 nominibus
888 1717 1057 1751 stellulam
1080 1717 1229 1759 praefixi.

296 1778 323 1801 c.
339 1768 370 1801 d.
393 1783 437 1796 =
459 1769 503 1803 de
525 1768 578 1802 h1s
601 1768 727 1801 litteris
749 1768 855 1801 verba
877 1767 943 1800 teci
966 1767 1001 1800 in
1024 1777 1055 1809 p.
1074 1768 1102 1801 1.

267 1873 285 1907 ι)
305 1874 340 1901 de
359 1873 452 1900 scriba
470 1871 488 1899 ‘7
507 1876 537 1901 et
555 1872 589 1899 61
610 1873 683 1900 nihil
703 1875 823 1908 constat,
843 1873 916 1908 qnia
934 1873 987 1900 hae
1006 1873 1130 1907 apochae
1149 1875 1229 1900 totae
1249 1873 1307 1900 fere
1327 1873 1482 1907 perierunt.

265 1913 286 1948 ²)
306 1914 342 1942 cf.
362 1914 397 1942 de
415 1922 483 1942 voce
501 1913 677 1948 χειρογραφία
697 1914 729 1941 P.
743 1914 892 1949 Hamburg
909 1913 928 1939 4
947 1916 976 1941 et
995 1913 1026 1941 P.
1039 1913 1166 1941 Reinach
1185 1922 1212 1949 p.
1226 1912 1270 1940 45.
